<?xml version="1.0" encoding="UTF-8"?>
<!DOCTYPE html PUBLIC "-//W3C//DTD XHTML 1.0 Transitional//EN"
    "http://www.w3.org/TR/xhtml1/DTD/xhtml1-transitional.dtd">
<html xmlns="http://www.w3.org/1999/xhtml" xml:lang="en" lang="en">
 <head>
  <title>
</title>
<meta http-equiv="Content-Type" content="text/html;charset=utf-8" />
  <meta name='ocr-system' content='tesseract 3.04.00' />
  <meta name='ocr-capabilities' content='ocr_page ocr_carea ocr_par ocr_line ocrx_word'/>
</head>
<body>
  <div class='ocr_page' id='page_1' title='image "./theologiaedogma00hurtgoog_0452.png"; bbox 0 0 3538 5364; ppageno 0'>
   <div class='ocr_carea' id='block_1_1' title="bbox 540 193 2617 266">
    <p class='ocr_par' dir='ltr' id='par_1_1' title="bbox 540 193 2617 266">
     <span class='ocr_line' id='line_1_1' title="bbox 540 193 2617 266; baseline 0.002 -20"><span class='ocrx_word' id='word_1_1' title='bbox 540 202 673 266; x_wconf 87' lang='lat'><strong>440</strong></span> <span class='ocrx_word' id='word_1_2' title='bbox 1082 194 1266 250; x_wconf 86' lang='lat' dir='ltr'><strong>Tract.</strong></span> <span class='ocrx_word' id='word_1_3' title='bbox 1298 194 1389 250; x_wconf 85' lang='lat' dir='ltr'><strong>IX.</strong></span> <span class='ocrx_word' id='word_1_4' title='bbox 1418 194 1486 248; x_wconf 91' lang='lat' dir='ltr'><strong>de</strong></span> <span class='ocrx_word' id='word_1_5' title='bbox 1513 194 1890 264; x_wconf 82' lang='lat' dir='ltr'><strong>poenitentia.</strong></span> <span class='ocrx_word' id='word_1_6' title='bbox 1919 193 2369 266; x_wconf 86' lang='lat' dir='ltr'><strong>Exceptionibus</strong></span> <span class='ocrx_word' id='word_1_7' title='bbox 2396 196 2617 250; x_wconf 78' lang='lat' dir='ltr'><strong>satisfit.</strong></span> 
     </span>
    </p>
   </div>
   <div class='ocr_carea' id='block_1_2' title="bbox 534 379 3249 4731">
    <p class='ocr_par' dir='ltr' id='par_1_2' title="bbox 534 379 3249 1619">
     <span class='ocr_line' id='line_1_2' title="bbox 537 379 3168 459; baseline 0.002 -21"><span class='ocrx_word' id='word_1_8' title='bbox 537 379 618 438; x_wconf 90' lang='lat' dir='ltr'><strong>Cf.</strong></span> <span class='ocrx_word' id='word_1_9' title='bbox 665 380 1036 439; x_wconf 84' lang='lat' dir='ltr'><strong>Petavius</strong></span> <span class='ocrx_word' id='word_1_10' title='bbox 1087 380 1153 438; x_wconf 89' lang='lat' dir='ltr'><strong>in</strong></span> <span class='ocrx_word' id='word_1_11' title='bbox 1200 380 1455 440; x_wconf 85' lang='lat' dir='ltr'><strong>diatribe</strong></span> <span class='ocrx_word' id='word_1_12' title='bbox 1506 381 1576 438; x_wconf 87' lang='lat' dir='ltr'><strong>ad</strong></span> <span class='ocrx_word' id='word_1_13' title='bbox 1629 380 1961 456; x_wconf 77' lang='lat' dir='ltr'><strong>synesium.</strong></span> <span class='ocrx_word' id='word_1_14' title='bbox 2022 381 2117 440; x_wconf 89' lang='lat' dir='ltr'><strong>Ita</strong></span> <span class='ocrx_word' id='word_1_15' title='bbox 2162 382 2343 457; x_wconf 89' lang='lat' dir='ltr'><strong>hujus</strong></span> <span class='ocrx_word' id='word_1_16' title='bbox 2375 382 2634 459; x_wconf 89' lang='lat' dir='ltr'><strong>duplicis</strong></span> <span class='ocrx_word' id='word_1_17' title='bbox 2666 383 3168 443; x_wconf 75' lang='lat' dir='ltr'><strong>reconciliationis</strong></span> 
     </span>
     <span class='ocr_line' id='line_1_3' title="bbox 534 464 3169 552; baseline 0.002 -25"><span class='ocrx_word' id='word_1_18' title='bbox 534 468 762 527; x_wconf 89' lang='lat' dir='ltr'><strong>mentio</strong></span> <span class='ocrx_word' id='word_1_19' title='bbox 807 468 875 527; x_wconf 90' lang='lat' dir='ltr'><strong>fit</strong></span> <span class='ocrx_word' id='word_1_20' title='bbox 918 470 979 527; x_wconf 91' lang='lat' dir='ltr'><strong>in</strong></span> <span class='ocrx_word' id='word_1_21' title='bbox 1025 488 1184 532; x_wconf 90' lang='lat' dir='ltr'><strong>conc.</strong></span> <span class='ocrx_word' id='word_1_22' title='bbox 1230 470 1610 546; x_wconf 81' lang='lat' dir='ltr'><strong>ancyrani</strong></span> <span class='ocrx_word' id='word_1_23' title='bbox 1643 464 1717 552; x_wconf 89' lang='lat' dir='ltr'><strong>(a.</strong></span> <span class='ocrx_word' id='word_1_24' title='bbox 1754 465 1912 549; x_wconf 85' lang='lat'>314)</span> <span class='ocrx_word' id='word_1_25' title='bbox 1946 488 2069 533; x_wconf 89' lang='lat' dir='ltr'><strong>can.</strong></span> <span class='ocrx_word' id='word_1_26' title='bbox 2109 481 2181 533; x_wconf 86' lang='lat'><strong>7:</strong></span> <span class='ocrx_word' id='word_1_27' title='bbox 2236 472 2364 537; x_wconf 81' lang='lat' dir='ltr'><strong>‚De</strong></span> <span class='ocrx_word' id='word_1_28' title='bbox 2415 472 2521 535; x_wconf 88' lang='lat' dir='ltr'><strong>his,</strong></span> <span class='ocrx_word' id='word_1_29' title='bbox 2576 471 2682 546; x_wconf 89' lang='lat' dir='ltr'><strong>qui</strong></span> <span class='ocrx_word' id='word_1_30' title='bbox 2736 472 2951 531; x_wconf 88' lang='lat' dir='ltr'><strong>diebus</strong></span> <span class='ocrx_word' id='word_1_31' title='bbox 3003 472 3169 532; x_wconf 84' lang='lat' dir='ltr'><strong>festis</strong></span> 
     </span>
     <span class='ocr_line' id='line_1_4' title="bbox 535 557 3168 637; baseline 0.002 -22"><span class='ocrx_word' id='word_1_32' title='bbox 535 557 856 634; x_wconf 80' lang='lat' dir='ltr'><strong>gentilium</strong></span> <span class='ocrx_word' id='word_1_33' title='bbox 888 558 945 616; x_wconf 93' lang='lat' dir='ltr'><strong>in</strong></span> <span class='ocrx_word' id='word_1_34' title='bbox 988 559 1234 619; x_wconf 87' lang='lat' dir='ltr'><strong>remotis</strong></span> <span class='ocrx_word' id='word_1_35' title='bbox 1267 577 1474 617; x_wconf 91' lang='lat' dir='ltr'><strong>eorum</strong></span> <span class='ocrx_word' id='word_1_36' title='bbox 1507 559 1647 618; x_wconf 91' lang='lat' dir='ltr'><strong>locis</strong></span> <span class='ocrx_word' id='word_1_37' title='bbox 1678 559 1950 618; x_wconf 83' lang='lat' dir='ltr'><strong>convivia</strong></span> <span class='ocrx_word' id='word_1_38' title='bbox 1982 559 2364 618; x_wconf 88' lang='lat' dir='ltr'><strong>celebrarunt</strong></span> <span class='ocrx_word' id='word_1_39' title='bbox 2395 560 2674 635; x_wconf 84' lang='lat' dir='ltr'><strong>cibosque</strong></span> <span class='ocrx_word' id='word_1_40' title='bbox 2706 561 2979 637; x_wconf 83' lang='lat' dir='ltr'><strong>proprios</strong></span> <span class='ocrx_word' id='word_1_41' title='bbox 3011 561 3168 620; x_wconf 84' lang='lat' dir='ltr'><strong>defe-</strong></span> 
     </span>
     <span class='ocr_line' id='line_1_5' title="bbox 534 647 3172 726; baseline 0.002 -21"><span class='ocrx_word' id='word_1_42' title='bbox 534 650 734 706; x_wconf 87' lang='lat' dir='ltr'><strong>rentes</strong></span> <span class='ocrx_word' id='word_1_43' title='bbox 760 647 982 707; x_wconf 85' lang='lat' dir='ltr'><strong>ibidem</strong></span> <span class='ocrx_word' id='word_1_44' title='bbox 1002 649 1414 708; x_wconf 89' lang='lat' dir='ltr'><strong>comederunt:</strong></span> <span class='ocrx_word' id='word_1_45' title='bbox 1450 647 1676 723; x_wconf 79' lang='lat' dir='ltr'><strong>placuit</strong></span> <span class='ocrx_word' id='word_1_46' title='bbox 1695 650 1835 723; x_wconf 89' lang='lat' dir='ltr'><strong>post</strong></span> <span class='ocrx_word' id='word_1_47' title='bbox 1856 649 2285 722; x_wconf 87' lang='lat' dir='ltr'><strong>poenitentiam</strong></span> <span class='ocrx_word' id='word_1_48' title='bbox 2307 649 2539 708; x_wconf 91' lang='lat' dir='ltr'><strong>biennii</strong></span> <span class='ocrx_word' id='word_1_49' title='bbox 2560 668 2660 708; x_wconf 89' lang='lat' dir='ltr'><strong>eos</strong></span> <span class='ocrx_word' id='word_1_50' title='bbox 2679 650 2924 726; x_wconf 81' lang='lat' dir='ltr'><strong>suscipi.</strong></span> <span class='ocrx_word' id='word_1_51' title='bbox 2963 651 3172 709; x_wconf 88' lang='lat' dir='ltr'><strong>Utrum</strong></span> 
     </span>
     <span class='ocr_line' id='line_1_6' title="bbox 536 736 3170 820; baseline 0.002 -27"><span class='ocrx_word' id='word_1_52' title='bbox 536 754 676 795; x_wconf 85' lang='lat' dir='ltr'><strong>vero</strong></span> <span class='ocrx_word' id='word_1_53' title='bbox 709 756 842 795; x_wconf 91' lang='lat' dir='ltr'><strong>cum</strong></span> <span class='ocrx_word' id='word_1_54' title='bbox 876 736 1176 796; x_wconf 89' lang='lat' dir='ltr'><strong>oblatione</strong></span> <span class='ocrx_word' id='word_1_55' title='bbox 1210 739 1384 820; x_wconf 75' lang='grc' dir='ltr'><strong>(μετὰ</strong></span> <span class='ocrx_word' id='word_1_56' title='bbox 1415 747 1772 820; x_wconf 80' lang='grc' dir='ltr'>προσφορᾶς</span> <span class='ocrx_word' id='word_1_57' title='bbox 1803 756 2058 812; x_wconf 82' lang='lat' dir='ltr'><strong>quacum</strong></span> <span class='ocrx_word' id='word_1_58' title='bbox 2093 738 2478 813; x_wconf 85' lang='lat' dir='ltr'><strong>conjunctum</strong></span> <span class='ocrx_word' id='word_1_59' title='bbox 2520 742 2650 797; x_wconf 90' lang='lat' dir='ltr'><strong>erat</strong></span> <span class='ocrx_word' id='word_1_60' title='bbox 2686 740 2789 814; x_wconf 89' lang='lat' dir='ltr'><strong>jus</strong></span> <span class='ocrx_word' id='word_1_61' title='bbox 2835 740 2910 797; x_wconf 89' lang='lat' dir='ltr'><strong>ad</strong></span> <span class='ocrx_word' id='word_1_62' title='bbox 2957 741 3170 799; x_wconf 85' lang='lat' dir='ltr'><strong>eucha-</strong></span> 
     </span>
     <span class='ocr_line' id='line_1_7' title="bbox 537 821 3169 906; baseline 0.002 -24"><span class='ocrx_word' id='word_1_63' title='bbox 537 821 813 906; x_wconf 80' lang='lat' dir='ltr'><strong>ristiam),</strong></span> <span class='ocrx_word' id='word_1_64' title='bbox 846 827 1069 903; x_wconf 82' lang='lat' dir='ltr'><strong>singuli</strong></span> <span class='ocrx_word' id='word_1_65' title='bbox 1089 826 1519 902; x_wconf 88' lang='lat' dir='ltr'><strong>episcoporum,</strong></span> <span class='ocrx_word' id='word_1_66' title='bbox 1552 826 1871 901; x_wconf 74' lang='lat' dir='ltr'><strong>probantes</strong></span> <span class='ocrx_word' id='word_1_67' title='bbox 1890 826 2075 885; x_wconf 82' lang='lat' dir='ltr'><strong>vitam</strong></span> <span class='ocrx_word' id='word_1_68' title='bbox 2097 845 2305 885; x_wconf 91' lang='lat' dir='ltr'><strong>eorum</strong></span> <span class='ocrx_word' id='word_1_69' title='bbox 2339 831 2401 886; x_wconf 98' lang='lat' dir='ltr'><strong>et</strong></span> <span class='ocrx_word' id='word_1_70' title='bbox 2431 827 2706 904; x_wconf 88' lang='lat' dir='ltr'><strong>singulos</strong></span> <span class='ocrx_word' id='word_1_71' title='bbox 2726 832 2918 899; x_wconf 88' lang='lat' dir='ltr'><strong>actus,</strong></span> <span class='ocrx_word' id='word_1_72' title='bbox 2952 829 3169 887; x_wconf 84' lang='lat' dir='ltr'><strong>exami-</strong></span> 
     </span>
     <span class='ocr_line' id='line_1_8' title="bbox 536 913 3172 994; baseline 0.002 -23"><span class='ocrx_word' id='word_1_73' title='bbox 536 917 745 994; x_wconf 40' lang='lat' dir='ltr'><strong>nent}</strong></span> <span class='ocrx_word' id='word_1_74' title='bbox 791 913 870 978; x_wconf 85' lang='lat' dir='ltr'><strong>Cf.</strong></span> <span class='ocrx_word' id='word_1_75' title='bbox 906 933 1028 973; x_wconf 91' lang='lat' dir='ltr'><strong>can.</strong></span> <span class='ocrx_word' id='word_1_76' title='bbox 1073 927 1091 978; x_wconf 88' lang='lat'>1</span> <span class='ocrx_word' id='word_1_77' title='bbox 1120 937 1135 985; x_wconf 89' lang='lat'>;</span> <span class='ocrx_word' id='word_1_78' title='bbox 1171 915 1445 974; x_wconf 87' lang='lat' dir='ltr'><strong>Hefele</strong></span> <span class='ocrx_word' id='word_1_79' title='bbox 1476 915 1975 993; x_wconf 88' lang='lat' dir='ltr'><strong>Conciliengesch.</strong></span> <span class='ocrx_word' id='word_1_80' title='bbox 2008 915 2071 973; x_wconf 92' lang='lat' dir='ltr'><strong>in</strong></span> <span class='ocrx_word' id='word_1_81' title='bbox 2104 915 2160 975; x_wconf 82' lang='lat' dir='ltr'><strong>h.</strong></span> <span class='ocrx_word' id='word_1_82' title='bbox 2193 934 2274 985; x_wconf 89' lang='lat' dir='ltr'><strong>c.;</strong></span> <span class='ocrx_word' id='word_1_83' title='bbox 2313 916 2662 975; x_wconf 83' lang='lat' dir='ltr'><strong>Morinus</strong></span> <span class='ocrx_word' id='word_1_84' title='bbox 2696 917 2789 988; x_wconf 90' lang='lat' dir='ltr'><strong>VI,</strong></span> <span class='ocrx_word' id='word_1_85' title='bbox 2828 926 2930 980; x_wconf 87' lang='grc'><strong>21.</strong></span> <span class='ocrx_word' id='word_1_86' title='bbox 2980 917 3172 987; x_wconf 78' lang='lat' dir='ltr'><strong>Quare</strong></span> 
     </span>
     <span class='ocr_line' id='line_1_9' title="bbox 536 1000 3249 1082; baseline 0 -18"><span class='ocrx_word' id='word_1_87' title='bbox 536 1000 602 1067; x_wconf 83' lang='lat' dir='ltr'><strong>d.</strong></span> <span class='ocrx_word' id='word_1_88' title='bbox 650 1003 704 1060; x_wconf 90' lang='lat' dir='ltr'><strong>si</strong></span> <span class='ocrx_word' id='word_1_89' title='bbox 752 1003 815 1060; x_wconf 94' lang='lat' dir='ltr'><strong>in</strong></span> <span class='ocrx_word' id='word_1_90' title='bbox 861 1004 1063 1079; x_wconf 88' lang='lat' dir='ltr'><strong>aliquo</strong></span> <span class='ocrx_word' id='word_1_91' title='bbox 1095 1004 1473 1080; x_wconf 77' lang='lat' dir='ltr'><strong>antiquitatis</strong></span> <span class='ocrx_word' id='word_1_92' title='bbox 1504 1008 1891 1062; x_wconf 87' lang='lat' dir='ltr'><strong>monumento</strong></span> <span class='ocrx_word' id='word_1_93' title='bbox 1925 1005 2195 1081; x_wconf 88' lang='lat' dir='ltr'><strong>legimus,</strong></span> <span class='ocrx_word' id='word_1_94' title='bbox 2228 1010 2503 1081; x_wconf 89' lang='lat' dir='ltr'><strong>negatam</strong></span> <span class='ocrx_word' id='word_1_95' title='bbox 2537 1006 2721 1064; x_wconf 86' lang='lat' dir='ltr'><strong>fuisse</strong></span> <span class='ocrx_word' id='word_1_96' title='bbox 2754 1006 2936 1065; x_wconf 90' lang='lat' dir='ltr'><strong>alicui</strong></span> <span class='ocrx_word' id='word_1_97' title='bbox 2971 1025 3170 1082; x_wconf 87' lang='lat' dir='ltr'><strong>pecca·</strong></span> <span class='ocrx_word' id='word_1_98' title='bbox 3238 1048 3249 1056; x_wconf 90' lang='lat'><em>-</em></span> 
     </span>
     <span class='ocr_line' id='line_1_10' title="bbox 535 1092 3172 1169; baseline 0.001 -19"><span class='ocrx_word' id='word_1_99' title='bbox 535 1092 654 1150; x_wconf 88' lang='lat' dir='ltr'><strong>tori</strong></span> <span class='ocrx_word' id='word_1_100' title='bbox 686 1092 780 1151; x_wconf 84' lang='lat' dir='ltr'><strong>vel</strong></span> <span class='ocrx_word' id='word_1_101' title='bbox 815 1093 877 1151; x_wconf 90' lang='lat' dir='ltr'><strong>in</strong></span> <span class='ocrx_word' id='word_1_102' title='bbox 909 1093 1160 1152; x_wconf 89' lang='lat' dir='ltr'><strong>articulo</strong></span> <span class='ocrx_word' id='word_1_103' title='bbox 1193 1093 1403 1152; x_wconf 87' lang='lat' dir='ltr'><strong>mortis</strong></span> <span class='ocrx_word' id='word_1_104' title='bbox 1455 1095 1949 1162; x_wconf 87' lang='lat' dir='ltr'><strong>communionem,</strong></span> <span class='ocrx_word' id='word_1_105' title='bbox 2003 1112 2222 1169; x_wconf 83' lang='lat' dir='ltr'><strong>pacem,</strong></span> <span class='ocrx_word' id='word_1_106' title='bbox 2274 1095 2817 1153; x_wconf 79' lang='lat' dir='ltr'><strong>reconciliationem</strong></span> <span class='ocrx_word' id='word_1_107' title='bbox 2867 1102 3001 1159; x_wconf 87' lang='lat' dir='ltr'><strong>etc..</strong></span> <span class='ocrx_word' id='word_1_108' title='bbox 3056 1114 3172 1155; x_wconf 91' lang='lat' dir='ltr'><strong>non</strong></span> 
     </span>
     <span class='ocr_line' id='line_1_11' title="bbox 534 1180 3172 1260; baseline 0.002 -22"><span class='ocrx_word' id='word_1_109' title='bbox 534 1180 678 1239; x_wconf 87' lang='lat' dir='ltr'><strong>licet</strong></span> <span class='ocrx_word' id='word_1_110' title='bbox 707 1182 915 1240; x_wconf 88' lang='lat' dir='ltr'><strong>statim</strong></span> <span class='ocrx_word' id='word_1_111' title='bbox 946 1182 1181 1253; x_wconf 85' lang='lat' dir='ltr'><strong>inferre,</strong></span> <span class='ocrx_word' id='word_1_112' title='bbox 1215 1185 1488 1259; x_wconf 85' lang='lat' dir='ltr'><strong>negatam</strong></span> <span class='ocrx_word' id='word_1_113' title='bbox 1523 1181 1708 1240; x_wconf 85' lang='lat' dir='ltr'><strong>fuisse</strong></span> <span class='ocrx_word' id='word_1_114' title='bbox 1740 1183 1918 1241; x_wconf 87' lang='lat' dir='ltr'><strong>etiam</strong></span> <span class='ocrx_word' id='word_1_115' title='bbox 1950 1183 2383 1241; x_wconf 77' lang='lat' dir='ltr'><strong>absolutionem</strong></span> <span class='ocrx_word' id='word_1_116' title='bbox 2416 1204 2451 1242; x_wconf 89' lang='lat' dir='ltr'><strong>a</strong></span> <span class='ocrx_word' id='word_1_117' title='bbox 2483 1185 2758 1260; x_wconf 85' lang='lat' dir='ltr'><strong>peccatis,</strong></span> <span class='ocrx_word' id='word_1_118' title='bbox 2793 1185 2896 1243; x_wconf 89' lang='lat' dir='ltr'><strong>sed</strong></span> <span class='ocrx_word' id='word_1_119' title='bbox 2930 1187 3172 1242; x_wconf 88' lang='lat' dir='ltr'><strong>tantum</strong></span> 
     </span>
     <span class='ocr_line' id='line_1_12' title="bbox 537 1269 3170 1349; baseline 0.002 -22"><span class='ocrx_word' id='word_1_120' title='bbox 537 1269 974 1340; x_wconf 86' lang='lat' dir='ltr'><strong>eucharistiam,</strong></span> <span class='ocrx_word' id='word_1_121' title='bbox 1009 1290 1160 1347; x_wconf 90' lang='lat' dir='ltr'><strong>qnae</strong></span> <span class='ocrx_word' id='word_1_122' title='bbox 1180 1276 1307 1330; x_wconf 90' lang='lat' dir='ltr'><strong>erat</strong></span> <span class='ocrx_word' id='word_1_123' title='bbox 1325 1270 1826 1330; x_wconf 86' lang='lat' dir='ltr'><strong>reconciliationis</strong></span> <span class='ocrx_word' id='word_1_124' title='bbox 1847 1270 2134 1346; x_wconf 87' lang='lat' dir='ltr'><strong>perfectio</strong></span> <span class='ocrx_word' id='word_1_125' title='bbox 2161 1275 2223 1330; x_wconf 87' lang='lat' dir='ltr'><strong>et</strong></span> <span class='ocrx_word' id='word_1_126' title='bbox 2241 1274 2689 1343; x_wconf 78' lang='lat' dir='ltr'><strong>consummatio,</strong></span> <span class='ocrx_word' id='word_1_127' title='bbox 2723 1274 2817 1331; x_wconf 88' lang='lat' dir='ltr'><strong>vel</strong></span> <span class='ocrx_word' id='word_1_128' title='bbox 2841 1274 3170 1349; x_wconf 79' lang='lat' dir='ltr'><strong>plenariam</strong></span> 
     </span>
     <span class='ocr_line' id='line_1_13' title="bbox 538 1358 3170 1438; baseline 0.002 -23"><span class='ocrx_word' id='word_1_129' title='bbox 538 1358 979 1436; x_wconf 81' lang='lat' dir='ltr'><strong>indulgentiam</strong></span> <span class='ocrx_word' id='word_1_130' title='bbox 1009 1379 1115 1419; x_wconf 88' lang='lat' dir='ltr'><strong>seu</strong></span> <span class='ocrx_word' id='word_1_131' title='bbox 1139 1360 1549 1419; x_wconf 88' lang='lat' dir='ltr'><strong>remissionem</strong></span> <span class='ocrx_word' id='word_1_132' title='bbox 1571 1360 1765 1418; x_wconf 91' lang='lat' dir='ltr'><strong>omnis</strong></span> <span class='ocrx_word' id='word_1_133' title='bbox 1787 1378 2026 1435; x_wconf 90' lang='lat' dir='ltr'><strong>poenae.</strong></span> <span class='ocrx_word' id='word_1_134' title='bbox 2074 1361 2347 1419; x_wconf 88' lang='lat' dir='ltr'><strong>Ceterum</strong></span> <span class='ocrx_word' id='word_1_135' title='bbox 2381 1375 2442 1426; x_wconf 81' lang='lat' dir='ltr'><strong>e.</strong></span> <span class='ocrx_word' id='word_1_136' title='bbox 2474 1380 2610 1420; x_wconf 91' lang='lat' dir='ltr'><strong>cum</strong></span> <span class='ocrx_word' id='word_1_137' title='bbox 2644 1362 2706 1420; x_wconf 94' lang='lat' dir='ltr'><strong>in</strong></span> <span class='ocrx_word' id='word_1_138' title='bbox 2738 1363 2956 1438; x_wconf 80' lang='lat' dir='ltr'><strong>synodi</strong></span> <span class='ocrx_word' id='word_1_139' title='bbox 2991 1363 3170 1438; x_wconf 84' lang='lat' dir='ltr'><strong>hujus</strong></span> 
     </span>
     <span class='ocr_line' id='line_1_14' title="bbox 537 1448 3174 1527; baseline 0.002 -22"><span class='ocrx_word' id='word_1_140' title='bbox 537 1448 788 1506; x_wconf 87' lang='lat' dir='ltr'><strong>decretis</strong></span> <span class='ocrx_word' id='word_1_141' title='bbox 835 1449 953 1507; x_wconf 90' lang='lat' dir='ltr'><strong>alia</strong></span> <span class='ocrx_word' id='word_1_142' title='bbox 999 1454 1093 1508; x_wconf 89' lang='lat' dir='ltr'><strong>sat</strong></span> <span class='ocrx_word' id='word_1_143' title='bbox 1137 1448 1463 1526; x_wconf 83' lang='lat' dir='ltr'><strong>singularia</strong></span> <span class='ocrx_word' id='word_1_144' title='bbox 1506 1448 1856 1519; x_wconf 84' lang='lat' dir='ltr'><strong>habeantur,</strong></span> <span class='ocrx_word' id='word_1_145' title='bbox 1904 1449 2102 1524; x_wconf 82' lang='lat' dir='ltr'><strong>praxis</strong></span> <span class='ocrx_word' id='word_1_146' title='bbox 2135 1468 2275 1509; x_wconf 85' lang='lat' dir='ltr'><strong>vero</strong></span> <span class='ocrx_word' id='word_1_147' title='bbox 2308 1451 2403 1508; x_wconf 87' lang='lat' dir='ltr'><strong>hic</strong></span> <span class='ocrx_word' id='word_1_148' title='bbox 2447 1454 2675 1510; x_wconf 89' lang='lat' dir='ltr'><strong>statuta</strong></span> <span class='ocrx_word' id='word_1_149' title='bbox 2706 1452 3109 1527; x_wconf 89' lang='lat' dir='ltr'><strong>peremptorie</strong></span> <span class='ocrx_word' id='word_1_150' title='bbox 3139 1471 3174 1509; x_wconf 90' lang='lat' dir='ltr'><strong>a</strong></span> 
     </span>
     <span class='ocr_line' id='line_1_15' title="bbox 536 1535 3171 1619; baseline 0.002 -23"><span class='ocrx_word' id='word_1_151' title='bbox 536 1554 693 1596; x_wconf 87' lang='lat' dir='ltr'><strong>conc.</strong></span> <span class='ocrx_word' id='word_1_152' title='bbox 725 1538 972 1597; x_wconf 91' lang='lat' dir='ltr'><strong>nicaeno</strong></span> <span class='ocrx_word' id='word_1_153' title='bbox 1004 1539 1357 1614; x_wconf 88' lang='lat' dir='ltr'><strong>reprobetur</strong></span> <span class='ocrx_word' id='word_1_154' title='bbox 1390 1539 1471 1616; x_wconf 91' lang='lat' dir='ltr'><strong>(n.</strong></span> <span class='ocrx_word' id='word_1_155' title='bbox 1509 1535 1717 1619; x_wconf 79' lang='lat'><strong>4522),</strong></span> <span class='ocrx_word' id='word_1_156' title='bbox 1764 1557 1886 1598; x_wconf 91' lang='lat' dir='ltr'><strong>non</strong></span> <span class='ocrx_word' id='word_1_157' title='bbox 1933 1542 2106 1597; x_wconf 88' lang='lat' dir='ltr'><strong>tanta</strong></span> <span class='ocrx_word' id='word_1_158' title='bbox 2150 1541 2375 1598; x_wconf 91' lang='lat' dir='ltr'><strong>censeri</strong></span> <span class='ocrx_word' id='word_1_159' title='bbox 2422 1540 2601 1599; x_wconf 90' lang='lat' dir='ltr'><strong>debet</strong></span> <span class='ocrx_word' id='word_1_160' title='bbox 2644 1541 2777 1615; x_wconf 88' lang='lat' dir='ltr'><strong>ejus</strong></span> <span class='ocrx_word' id='word_1_161' title='bbox 2822 1540 3171 1601; x_wconf 80' lang='lat' dir='ltr'><strong>auctoritas,</strong></span> 
     </span>
    </p>

    <p class='ocr_par' dir='ltr' id='par_1_3' title="bbox 534 1622 3175 4731">
     <span class='ocr_line' id='line_1_16' title="bbox 715 1622 3171 1704; baseline -0 -16"><span class='ocrx_word' id='word_1_162' title='bbox 715 1634 862 1690; x_wconf 88' lang='lat'><strong>456.</strong></span> <span class='ocrx_word' id='word_1_163' title='bbox 893 1622 963 1690; x_wconf 80' lang='lat'><strong>4.</strong></span> <span class='ocrx_word' id='word_1_164' title='bbox 997 1627 1153 1686; x_wconf 89' lang='lat' dir='ltr'><strong>Hinc</strong></span> <span class='ocrx_word' id='word_1_165' title='bbox 1184 1627 1440 1687; x_wconf 85' lang='lat' dir='ltr'><strong>solvitur</strong></span> <span class='ocrx_word' id='word_1_166' title='bbox 1470 1627 1753 1703; x_wconf 89' lang='lat' dir='ltr'><strong>exceptio,</strong></span> <span class='ocrx_word' id='word_1_167' title='bbox 1789 1646 1940 1702; x_wconf 94' lang='lat' dir='ltr'><strong>qnae</strong></span> <span class='ocrx_word' id='word_1_168' title='bbox 1971 1627 2199 1703; x_wconf 90' lang='lat' dir='ltr'><strong>petitur</strong></span> <span class='ocrx_word' id='word_1_169' title='bbox 2229 1646 2298 1687; x_wconf 89' lang='lat' dir='ltr'><strong>ex</strong></span> <span class='ocrx_word' id='word_1_170' title='bbox 2330 1629 2668 1687; x_wconf 89' lang='lat' dir='ltr'><strong>Innocen</strong></span> <span class='ocrx_word' id='word_1_171' title='bbox 2688 1642 2707 1687; x_wconf 83' lang='grc' dir='ltr'>ι</span> <span class='ocrx_word' id='word_1_172' title='bbox 2729 1629 2787 1687; x_wconf 91' lang='lat' dir='ltr'><strong>ii</strong></span> <span class='ocrx_word' id='word_1_173' title='bbox 2820 1630 2865 1686; x_wconf 90' lang='grc' dir='ltr'><strong>Ι.</strong></span> <span class='ocrx_word' id='word_1_174' title='bbox 2898 1648 2991 1704; x_wconf 86' lang='lat' dir='ltr'><strong>ep.</strong></span> <span class='ocrx_word' id='word_1_175' title='bbox 3030 1639 3065 1690; x_wconf 85' lang='grc'>6</span> <span class='ocrx_word' id='word_1_176' title='bbox 3100 1629 3171 1687; x_wconf 84' lang='lat' dir='ltr'><strong>ad</strong></span> 
     </span>
     <span class='ocr_line' id='line_1_17' title="bbox 537 1711 3169 1798; baseline 0.002 -26"><span class='ocrx_word' id='word_1_177' title='bbox 537 1715 929 1791; x_wconf 83' lang='lat' dir='ltr'><strong>Exsuperium</strong></span> <span class='ocrx_word' id='word_1_178' title='bbox 959 1736 1017 1780; x_wconf 93' lang='lat' dir='ltr'><strong>n.</strong></span> <span class='ocrx_word' id='word_1_179' title='bbox 1054 1729 1087 1777; x_wconf 84' lang='grc'><strong>6</strong></span> <span class='ocrx_word' id='word_1_180' title='bbox 1125 1717 1353 1776; x_wconf 85' lang='lat' dir='ltr'><strong>verbis:</strong></span> <span class='ocrx_word' id='word_1_181' title='bbox 1404 1717 1529 1785; x_wconf 75' lang='lat' dir='ltr'><strong>,De</strong></span> <span class='ocrx_word' id='word_1_182' title='bbox 1574 1716 1666 1775; x_wconf 88' lang='lat' dir='ltr'><strong>his</strong></span> <span class='ocrx_word' id='word_1_183' title='bbox 1710 1711 1846 1798; x_wconf 90' lang='lat' dir='ltr'><strong>(qui</strong></span> <span class='ocrx_word' id='word_1_184' title='bbox 1892 1722 2032 1791; x_wconf 88' lang='lat' dir='ltr'><strong>post</strong></span> <span class='ocrx_word' id='word_1_185' title='bbox 2075 1716 2439 1792; x_wconf 89' lang='lat' dir='ltr'><strong>baptismum</strong></span> <span class='ocrx_word' id='word_1_186' title='bbox 2471 1718 2633 1777; x_wconf 89' lang='lat' dir='ltr'><strong>omni</strong></span> <span class='ocrx_word' id='word_1_187' title='bbox 2669 1721 2932 1794; x_wconf 90' lang='lat' dir='ltr'><strong>tempore</strong></span> <span class='ocrx_word' id='word_1_188' title='bbox 2963 1718 3169 1777; x_wconf 88' lang='lat' dir='ltr'><strong>incon·</strong></span> 
     </span>
     <span class='ocr_line' id='line_1_18' title="bbox 536 1803 3171 1882; baseline 0.001 -21"><span class='ocrx_word' id='word_1_189' title='bbox 536 1803 827 1864; x_wconf 88' lang='lat' dir='ltr'><strong>tinentiae</strong></span> <span class='ocrx_word' id='word_1_190' title='bbox 859 1806 1273 1882; x_wconf 85' lang='lat' dir='ltr'><strong>voluptatibus</strong></span> <span class='ocrx_word' id='word_1_191' title='bbox 1307 1806 1493 1865; x_wconf 90' lang='lat' dir='ltr'><strong>dediti</strong></span> <span class='ocrx_word' id='word_1_192' title='bbox 1538 1806 1603 1864; x_wconf 92' lang='lat' dir='ltr'><strong>in</strong></span> <span class='ocrx_word' id='word_1_193' title='bbox 1647 1813 1910 1865; x_wconf 82' lang='lat' dir='ltr'><strong>extremo</strong></span> <span class='ocrx_word' id='word_1_194' title='bbox 1956 1807 2071 1864; x_wconf 90' lang='lat' dir='ltr'><strong>fine</strong></span> <span class='ocrx_word' id='word_1_195' title='bbox 2121 1807 2278 1865; x_wconf 85' lang='lat' dir='ltr'><strong>vitae</strong></span> <span class='ocrx_word' id='word_1_196' title='bbox 2318 1825 2460 1866; x_wconf 86' lang='lat' dir='ltr'><strong>snae</strong></span> <span class='ocrx_word' id='word_1_197' title='bbox 2491 1807 3040 1866; x_wconf 85' lang='lat' dir='ltr'><strong>reconciliationem</strong></span> <span class='ocrx_word' id='word_1_198' title='bbox 3073 1826 3171 1866; x_wconf 84' lang='lat' dir='ltr'><strong>ex-</strong></span> 
     </span>
     <span class='ocr_line' id='line_1_19' title="bbox 535 1893 3170 1973; baseline 0.001 -22"><span class='ocrx_word' id='word_1_199' title='bbox 535 1893 811 1971; x_wconf 88' lang='lat' dir='ltr'><strong>poscunt)</strong></span> <span class='ocrx_word' id='word_1_200' title='bbox 843 1895 1177 1955; x_wconf 84' lang='lat' dir='ltr'><strong>observatio</strong></span> <span class='ocrx_word' id='word_1_201' title='bbox 1208 1895 1386 1973; x_wconf 91' lang='lat' dir='ltr'><strong>prior,</strong></span> <span class='ocrx_word' id='word_1_202' title='bbox 1423 1895 1660 1954; x_wconf 88' lang='lat' dir='ltr'><strong>durior:</strong></span> <span class='ocrx_word' id='word_1_203' title='bbox 1705 1895 2019 1971; x_wconf 83' lang='lat' dir='ltr'><strong>posterior,</strong></span> <span class='ocrx_word' id='word_1_204' title='bbox 2065 1894 2501 1954; x_wconf 84' lang='lat' dir='ltr'><strong>interveniente</strong></span> <span class='ocrx_word' id='word_1_205' title='bbox 2532 1895 2956 1966; x_wconf 88' lang='lat' dir='ltr'><strong>misericordia,</strong></span> <span class='ocrx_word' id='word_1_206' title='bbox 2999 1895 3170 1954; x_wconf 89' lang='lat' dir='ltr'><strong>incli-</strong></span> 
     </span>
     <span class='ocr_line' id='line_1_20' title="bbox 536 1981 3172 2060; baseline 0.002 -21"><span class='ocrx_word' id='word_1_207' title='bbox 536 1981 751 2040; x_wconf 91' lang='lat' dir='ltr'><strong>natior.</strong></span> <span class='ocrx_word' id='word_1_208' title='bbox 817 1983 968 2043; x_wconf 85' lang='lat' dir='ltr'><strong>Nam</strong></span> <span class='ocrx_word' id='word_1_209' title='bbox 1001 1984 1370 2044; x_wconf 88' lang='lat' dir='ltr'><strong>consuetudo</strong></span> <span class='ocrx_word' id='word_1_210' title='bbox 1416 1985 1579 2060; x_wconf 91' lang='lat' dir='ltr'><strong>prior</strong></span> <span class='ocrx_word' id='word_1_211' title='bbox 1621 1984 1838 2054; x_wconf 86' lang='lat' dir='ltr'><strong>tenuit,</strong></span> <span class='ocrx_word' id='word_1_212' title='bbox 1892 1987 1962 2042; x_wconf 93' lang='lat' dir='ltr'><strong>ut</strong></span> <span class='ocrx_word' id='word_1_213' title='bbox 2010 1983 2434 2043; x_wconf 88' lang='lat' dir='ltr'><strong>concederetur</strong></span> <span class='ocrx_word' id='word_1_214' title='bbox 2478 1985 3020 2060; x_wconf 86' lang='lat' dir='ltr'><strong>poenitentia,</strong></span> <span class='ocrx_word' id='word_1_215' title='bbox 3072 1983 3172 2043; x_wconf 89' lang='lat' dir='ltr'><strong>sed</strong></span> 
     </span>
     <span class='ocr_line' id='line_1_21' title="bbox 537 2073 3172 2151; baseline 0.001 -21"><span class='ocrx_word' id='word_1_216' title='bbox 537 2089 568 2130; x_wconf 91' lang='lat' dir='ltr'><strong>c</strong></span> <span class='ocrx_word' id='word_1_217' title='bbox 583 2089 616 2129; x_wconf 92' lang='lat' dir='ltr'><strong>o</strong></span> <span class='ocrx_word' id='word_1_218' title='bbox 635 2091 693 2128; x_wconf 92' lang='lat' dir='ltr'><strong>m</strong></span> <span class='ocrx_word' id='word_1_219' title='bbox 712 2092 770 2129; x_wconf 93' lang='lat' dir='ltr'><strong>m</strong></span> <span class='ocrx_word' id='word_1_220' title='bbox 788 2091 831 2130; x_wconf 93' lang='lat' dir='ltr'><strong>u</strong></span> <span class='ocrx_word' id='word_1_221' title='bbox 844 2073 973 2133; x_wconf 92' lang='lat' dir='ltr'><strong>nio</strong></span> <span class='ocrx_word' id='word_1_222' title='bbox 994 2077 1331 2151; x_wconf 86' lang='lat' dir='ltr'><strong>negaretur.</strong></span> <span class='ocrx_word' id='word_1_223' title='bbox 1366 2075 1517 2132; x_wconf 89' lang='lat' dir='ltr'><strong>Nam</strong></span> <span class='ocrx_word' id='word_1_224' title='bbox 1540 2093 1673 2132; x_wconf 89' lang='lat' dir='ltr'><strong>cum</strong></span> <span class='ocrx_word' id='word_1_225' title='bbox 1694 2074 1814 2132; x_wconf 90' lang='lat' dir='ltr'><strong>illis</strong></span> <span class='ocrx_word' id='word_1_226' title='bbox 1833 2073 2205 2149; x_wconf 84' lang='lat' dir='ltr'><strong>temporibus</strong></span> <span class='ocrx_word' id='word_1_227' title='bbox 2229 2073 2463 2132; x_wconf 91' lang='lat' dir='ltr'><strong>crebrae</strong></span> <span class='ocrx_word' id='word_1_228' title='bbox 2483 2074 2930 2149; x_wconf 88' lang='lat' dir='ltr'><strong>persecutiones</strong></span> <span class='ocrx_word' id='word_1_229' title='bbox 2951 2077 3172 2144; x_wconf 85' lang='lat' dir='ltr'><strong>essent,</strong></span> 
     </span>
     <span class='ocr_line' id='line_1_22' title="bbox 535 2161 3172 2223; baseline 0.002 -6"><span class='ocrx_word' id='word_1_230' title='bbox 535 2179 609 2218; x_wconf 92' lang='lat' dir='ltr'><strong>ne</strong></span> <span class='ocrx_word' id='word_1_231' title='bbox 649 2164 1081 2223; x_wconf 90' lang='lat' dir='ltr'><strong>communionis</strong></span> <span class='ocrx_word' id='word_1_232' title='bbox 1114 2182 1390 2223; x_wconf 89' lang='lat' dir='ltr'><strong>concessa</strong></span> <span class='ocrx_word' id='word_1_233' title='bbox 1420 2162 1673 2222; x_wconf 86' lang='lat' dir='ltr'><strong>facilitas</strong></span> <span class='ocrx_word' id='word_1_234' title='bbox 1709 2161 1977 2221; x_wconf 90' lang='lat' dir='ltr'><strong>homines</strong></span> <span class='ocrx_word' id='word_1_235' title='bbox 2011 2164 2082 2221; x_wconf 85' lang='lat' dir='ltr'><strong>de</strong></span> <span class='ocrx_word' id='word_1_236' title='bbox 2114 2163 2591 2222; x_wconf 87' lang='lat' dir='ltr'><strong>reconciliatione</strong></span> <span class='ocrx_word' id='word_1_237' title='bbox 2639 2181 2878 2222; x_wconf 85' lang='lat' dir='ltr'><strong>securos</strong></span> <span class='ocrx_word' id='word_1_238' title='bbox 2924 2181 3050 2222; x_wconf 92' lang='lat' dir='ltr'><strong>non</strong></span> <span class='ocrx_word' id='word_1_239' title='bbox 3080 2181 3172 2221; x_wconf 89' lang='lat' dir='ltr'><strong>re-</strong></span> 
     </span>
     <span class='ocr_line' id='line_1_23' title="bbox 534 2250 3165 2329; baseline 0.001 -23"><span class='ocrx_word' id='word_1_240' title='bbox 534 2253 773 2308; x_wconf 84' lang='lat' dir='ltr'><strong>vocaret</strong></span> <span class='ocrx_word' id='word_1_241' title='bbox 803 2270 836 2309; x_wconf 92' lang='lat' dir='ltr'><strong>a</strong></span> <span class='ocrx_word' id='word_1_242' title='bbox 868 2251 1057 2328; x_wconf 91' lang='lat' dir='ltr'><strong>lapsu,</strong></span> <span class='ocrx_word' id='word_1_243' title='bbox 1091 2253 1306 2311; x_wconf 87' lang='lat' dir='ltr'><strong>merito</strong></span> <span class='ocrx_word' id='word_1_244' title='bbox 1338 2258 1558 2329; x_wconf 87' lang='lat' dir='ltr'><strong>negata</strong></span> <span class='ocrx_word' id='word_1_245' title='bbox 1588 2250 1925 2311; x_wconf 92' lang='lat' dir='ltr'><strong>communio</strong></span> <span class='ocrx_word' id='word_1_246' title='bbox 1958 2255 2065 2322; x_wconf 89' lang='lat' dir='ltr'><strong>est,</strong></span> <span class='ocrx_word' id='word_1_247' title='bbox 2102 2269 2380 2313; x_wconf 86' lang='lat' dir='ltr'><strong>concessa</strong></span> <span class='ocrx_word' id='word_1_248' title='bbox 2410 2252 2792 2327; x_wconf 89' lang='lat' dir='ltr'><strong>poenitentia,</strong></span> <span class='ocrx_word' id='word_1_249' title='bbox 2841 2271 2916 2309; x_wconf 84' lang='lat' dir='ltr'><strong>ne</strong></span> <span class='ocrx_word' id='word_1_250' title='bbox 2962 2256 3165 2311; x_wconf 89' lang='lat' dir='ltr'><strong>totum</strong></span> 
     </span>
     <span class='ocr_line' id='line_1_24' title="bbox 534 2338 3174 2419; baseline 0.001 -22"><span class='ocrx_word' id='word_1_251' title='bbox 534 2338 776 2414; x_wconf 89' lang='lat' dir='ltr'><strong>penitus</strong></span> <span class='ocrx_word' id='word_1_252' title='bbox 807 2344 1157 2419; x_wconf 86' lang='lat' dir='ltr'><strong>negaretur:</strong></span> <span class='ocrx_word' id='word_1_253' title='bbox 1191 2344 1253 2400; x_wconf 89' lang='lat' dir='ltr'><strong>et</strong></span> <span class='ocrx_word' id='word_1_254' title='bbox 1283 2341 1585 2401; x_wconf 90' lang='lat' dir='ltr'><strong>duriorem</strong></span> <span class='ocrx_word' id='word_1_255' title='bbox 1605 2341 2017 2400; x_wconf 88' lang='lat' dir='ltr'><strong>remissionem</strong></span> <span class='ocrx_word' id='word_1_256' title='bbox 2038 2339 2179 2402; x_wconf 84' lang='lat' dir='ltr'><strong>fecit</strong></span> <span class='ocrx_word' id='word_1_257' title='bbox 2199 2341 2482 2416; x_wconf 87' lang='lat' dir='ltr'><strong>temporis</strong></span> <span class='ocrx_word' id='word_1_258' title='bbox 2504 2341 2673 2403; x_wconf 79' lang='lat' dir='ltr'><strong>ratio,</strong></span> <span class='ocrx_word' id='word_1_259' title='bbox 2713 2341 2825 2401; x_wconf 88' lang='lat' dir='ltr'><strong>Sed</strong></span> <span class='ocrx_word' id='word_1_260' title='bbox 2848 2346 3174 2417; x_wconf 86' lang='lat' dir='ltr'><strong>postquam</strong></span> 
     </span>
     <span class='ocr_line' id='line_1_25' title="bbox 538 2428 3170 2506; baseline 0.001 -21"><span class='ocrx_word' id='word_1_261' title='bbox 538 2428 824 2488; x_wconf 88' lang='lat' dir='ltr'><strong>Dominus</strong></span> <span class='ocrx_word' id='word_1_262' title='bbox 844 2435 1049 2489; x_wconf 87' lang='lat' dir='ltr'><strong>noster</strong></span> <span class='ocrx_word' id='word_1_263' title='bbox 1068 2449 1268 2506; x_wconf 90' lang='lat' dir='ltr'><strong>pacem</strong></span> <span class='ocrx_word' id='word_1_264' title='bbox 1290 2431 1552 2489; x_wconf 89' lang='lat' dir='ltr'><strong>ecclesiis</strong></span> <span class='ocrx_word' id='word_1_265' title='bbox 1575 2430 1702 2489; x_wconf 91' lang='lat' dir='ltr'><strong>suis</strong></span> <span class='ocrx_word' id='word_1_266' title='bbox 1723 2429 1986 2489; x_wconf 91' lang='lat' dir='ltr'><strong>reddidit</strong></span> <span class='ocrx_word' id='word_1_267' title='bbox 1996 2430 2121 2506; x_wconf 87' lang='lat' dir='ltr'><strong>jam</strong></span> <span class='ocrx_word' id='word_1_268' title='bbox 2143 2429 2392 2504; x_wconf 89' lang='lat' dir='ltr'><strong>depulso</strong></span> <span class='ocrx_word' id='word_1_269' title='bbox 2411 2434 2656 2501; x_wconf 89' lang='lat' dir='ltr'><strong>terrore,</strong></span> <span class='ocrx_word' id='word_1_270' title='bbox 2692 2429 3170 2489; x_wconf 90' lang='lat' dir='ltr'><strong>communionem</strong></span> 
     </span>
     <span class='ocr_line' id='line_1_26' title="bbox 535 2516 3174 2596; baseline 0.001 -22"><span class='ocrx_word' id='word_1_271' title='bbox 535 2516 663 2575; x_wconf 89' lang='lat' dir='ltr'><strong>dari</strong></span> <span class='ocrx_word' id='word_1_272' title='bbox 693 2518 1053 2578; x_wconf 89' lang='lat' dir='ltr'><strong>abeuntibus</strong></span> <span class='ocrx_word' id='word_1_273' title='bbox 1086 2520 1330 2596; x_wconf 87' lang='lat' dir='ltr'><strong>placuit,</strong></span> <span class='ocrx_word' id='word_1_274' title='bbox 1365 2523 1426 2577; x_wconf 89' lang='lat' dir='ltr'><strong>et</strong></span> <span class='ocrx_word' id='word_1_275' title='bbox 1455 2523 1703 2595; x_wconf 88' lang='lat' dir='ltr'><strong>propter</strong></span> <span class='ocrx_word' id='word_1_276' title='bbox 1737 2519 1971 2577; x_wconf 88' lang='lat' dir='ltr'><strong>Domini</strong></span> <span class='ocrx_word' id='word_1_277' title='bbox 2003 2518 2480 2581; x_wconf 87' lang='lat' dir='ltr'><strong>misericordiam</strong></span> <span class='ocrx_word' id='word_1_278' title='bbox 2511 2519 2683 2594; x_wconf 90' lang='lat' dir='ltr'><strong>quasi</strong></span> <span class='ocrx_word' id='word_1_279' title='bbox 2716 2519 3003 2577; x_wconf 85' lang='lat' dir='ltr'><strong>viaticum</strong></span> <span class='ocrx_word' id='word_1_280' title='bbox 3037 2537 3174 2595; x_wconf 90' lang='lat' dir='ltr'><strong>pro·</strong></span> 
     </span>
     <span class='ocr_line' id='line_1_27' title="bbox 535 2606 3175 2685; baseline 0.001 -22"><span class='ocrx_word' id='word_1_281' title='bbox 535 2606 798 2677; x_wconf 88' lang='lat' dir='ltr'><strong>fecturis,</strong></span> <span class='ocrx_word' id='word_1_282' title='bbox 852 2612 913 2667; x_wconf 91' lang='lat' dir='ltr'><strong>et</strong></span> <span class='ocrx_word' id='word_1_283' title='bbox 961 2628 1035 2668; x_wconf 92' lang='lat' dir='ltr'><strong>ne</strong></span> <span class='ocrx_word' id='word_1_284' title='bbox 1084 2609 1403 2667; x_wconf 85' lang='lat' dir='ltr'><strong>Novatiani</strong></span> <span class='ocrx_word' id='word_1_285' title='bbox 1450 2608 1733 2667; x_wconf 85' lang='lat' dir='ltr'><strong>haeretici</strong></span> <span class='ocrx_word' id='word_1_286' title='bbox 1764 2608 2042 2685; x_wconf 86' lang='lat' dir='ltr'><strong>negantis</strong></span> <span class='ocrx_word' id='word_1_287' title='bbox 2077 2608 2331 2679; x_wconf 86' lang='lat' dir='ltr'><strong>veniam,</strong></span> <span class='ocrx_word' id='word_1_288' title='bbox 2379 2607 2761 2685; x_wconf 89' lang='lat' dir='ltr'><strong>asperitatem</strong></span> <span class='ocrx_word' id='word_1_289' title='bbox 2793 2610 2854 2665; x_wconf 92' lang='lat' dir='ltr'><strong>et</strong></span> <span class='ocrx_word' id='word_1_290' title='bbox 2886 2608 3175 2666; x_wconf 84' lang='lat' dir='ltr'><strong>duritiam</strong></span> 
     </span>
     <span class='ocr_line' id='line_1_28' title="bbox 537 2695 3171 2774; baseline 0 -20"><span class='ocrx_word' id='word_1_291' title='bbox 537 2697 707 2771; x_wconf 88' lang='lat' dir='ltr'><strong>sequi</strong></span> <span class='ocrx_word' id='word_1_292' title='bbox 738 2697 1062 2757; x_wconf 82' lang='lat' dir='ltr'><strong>videamur.</strong></span> <span class='ocrx_word' id='word_1_293' title='bbox 1130 2698 1456 2756; x_wconf 87' lang='lat' dir='ltr'><strong>Tribuetur</strong></span> <span class='ocrx_word' id='word_1_294' title='bbox 1485 2716 1626 2774; x_wconf 88' lang='lat' dir='ltr'><strong>ergo</strong></span> <span class='ocrx_word' id='word_1_295' title='bbox 1659 2716 1794 2756; x_wconf 89' lang='lat' dir='ltr'><strong>cum</strong></span> <span class='ocrx_word' id='word_1_296' title='bbox 1826 2695 2202 2773; x_wconf 85' lang='lat' dir='ltr'><strong>poenitentia</strong></span> <span class='ocrx_word' id='word_1_297' title='bbox 2235 2703 2500 2758; x_wconf 89' lang='lat' dir='ltr'><strong>extrema</strong></span> <span class='ocrx_word' id='word_1_298' title='bbox 2531 2697 2900 2758; x_wconf 90' lang='lat' dir='ltr'><strong>communio:</strong></span> <span class='ocrx_word' id='word_1_299' title='bbox 2951 2701 3023 2756; x_wconf 90' lang='lat' dir='ltr'><strong>ut</strong></span> <span class='ocrx_word' id='word_1_300' title='bbox 3070 2698 3171 2755; x_wconf 91' lang='lat' dir='ltr'><strong>ho-</strong></span> 
     </span>
     <span class='ocr_line' id='line_1_29' title="bbox 536 2785 3172 2863; baseline 0 -20"><span class='ocrx_word' id='word_1_301' title='bbox 536 2785 726 2845; x_wconf 88' lang='lat' dir='ltr'><strong>mines</strong></span> <span class='ocrx_word' id='word_1_302' title='bbox 758 2788 1102 2863; x_wconf 89' lang='lat' dir='ltr'><strong>hujusmodi</strong></span> <span class='ocrx_word' id='word_1_303' title='bbox 1123 2788 1216 2846; x_wconf 84' lang='lat' dir='ltr'><strong>vel</strong></span> <span class='ocrx_word' id='word_1_304' title='bbox 1239 2787 1299 2845; x_wconf 90' lang='lat' dir='ltr'><strong>in</strong></span> <span class='ocrx_word' id='word_1_305' title='bbox 1325 2788 1617 2862; x_wconf 89' lang='lat' dir='ltr'><strong>supremis</strong></span> <span class='ocrx_word' id='word_1_306' title='bbox 1651 2785 1781 2845; x_wconf 89' lang='lat' dir='ltr'><strong>suis</strong></span> <span class='ocrx_word' id='word_1_307' title='bbox 1813 2786 2208 2860; x_wconf 86' lang='lat' dir='ltr'><strong>permittente</strong></span> <span class='ocrx_word' id='word_1_308' title='bbox 2242 2788 2546 2848; x_wconf 85' lang='lat' dir='ltr'><strong>Salvatore</strong></span> <span class='ocrx_word' id='word_1_309' title='bbox 2578 2791 2783 2846; x_wconf 88' lang='lat' dir='ltr'><strong>nostro</strong></span> <span class='ocrx_word' id='word_1_310' title='bbox 2817 2807 2852 2845; x_wconf 90' lang='lat' dir='ltr'><strong>a</strong></span> <span class='ocrx_word' id='word_1_311' title='bbox 2883 2791 3172 2862; x_wconf 88' lang='lat' dir='ltr'><strong>perpetuo</strong></span> 
     </span>
     <span class='ocr_line' id='line_1_30' title="bbox 537 2873 3173 2951; baseline 0 -19"><span class='ocrx_word' id='word_1_312' title='bbox 537 2873 718 2933; x_wconf 83' lang='lat' dir='ltr'><strong>exitio</strong></span> <span class='ocrx_word' id='word_1_313' title='bbox 751 2875 1193 2936; x_wconf 79' lang='lat' dir='ltr'><strong>vindicentur.‘</strong></span> <span class='ocrx_word' id='word_1_314' title='bbox 1244 2909 1330 2919; x_wconf 93' lang='lat'>—</span> <span class='ocrx_word' id='word_1_315' title='bbox 1381 2876 1467 2933; x_wconf 85' lang='lat' dir='ltr'><strong>Ex</strong></span> <span class='ocrx_word' id='word_1_316' title='bbox 1512 2876 1604 2934; x_wconf 90' lang='lat' dir='ltr'><strong>his</strong></span> <span class='ocrx_word' id='word_1_317' title='bbox 1650 2877 1851 2934; x_wconf 90' lang='lat' dir='ltr'><strong>autem</strong></span> <span class='ocrx_word' id='word_1_318' title='bbox 1900 2893 2017 2933; x_wconf 92' lang='lat' dir='ltr'><strong>non</strong></span> <span class='ocrx_word' id='word_1_319' title='bbox 2066 2877 2345 2950; x_wconf 87' lang='lat' dir='ltr'><strong>sequitur</strong></span> <span class='ocrx_word' id='word_1_320' title='bbox 2378 2876 2575 2936; x_wconf 81' lang='lat' dir='ltr'><strong>feralis</strong></span> <span class='ocrx_word' id='word_1_321' title='bbox 2612 2876 2716 2935; x_wconf 91' lang='lat' dir='ltr'><strong>illa</strong></span> <span class='ocrx_word' id='word_1_322' title='bbox 2761 2876 2980 2951; x_wconf 83' lang='lat' dir='ltr'><strong>praxis,</strong></span> <span class='ocrx_word' id='word_1_323' title='bbox 3037 2894 3173 2934; x_wconf 90' lang='lat' dir='ltr'><strong>nam</strong></span> 
     </span>
     <span class='ocr_line' id='line_1_31' title="bbox 537 2962 3170 3042; baseline 0.001 -22"><span class='ocrx_word' id='word_1_324' title='bbox 537 2966 794 3022; x_wconf 87' lang='lat' dir='ltr'><strong>testatur</strong></span> <span class='ocrx_word' id='word_1_325' title='bbox 838 2979 901 3028; x_wconf 79' lang='lat' dir='ltr'><strong>a.</strong></span> <span class='ocrx_word' id='word_1_326' title='bbox 948 2963 1355 3033; x_wconf 80' lang='lat' dir='ltr'><strong>InnocentiuS,</strong></span> <span class='ocrx_word' id='word_1_327' title='bbox 1403 2964 1564 3023; x_wconf 89' lang='lat' dir='ltr'><strong>hisce</strong></span> <span class='ocrx_word' id='word_1_328' title='bbox 1611 2964 1841 3023; x_wconf 85' lang='lat' dir='ltr'><strong>miseris</strong></span> <span class='ocrx_word' id='word_1_329' title='bbox 1874 2962 2060 3024; x_wconf 89' lang='lat' dir='ltr'><strong>fuisse</strong></span> <span class='ocrx_word' id='word_1_330' title='bbox 2093 2979 2432 3026; x_wconf 82' lang='lat' dir='ltr'><strong>concessam</strong></span> <span class='ocrx_word' id='word_1_331' title='bbox 2466 2966 2678 3024; x_wconf 90' lang='lat' dir='ltr'><strong>saltem</strong></span> <span class='ocrx_word' id='word_1_332' title='bbox 2709 2964 3170 3042; x_wconf 74' lang='lat' dir='ltr'><strong>poenitentiam,</strong></span> 
     </span>
     <span class='ocr_line' id='line_1_32' title="bbox 537 3049 3163 3135; baseline 0.001 -26"><span class='ocrx_word' id='word_1_333' title='bbox 537 3052 640 3110; x_wconf 89' lang='lat' dir='ltr'><strong>sed</strong></span> <span class='ocrx_word' id='word_1_334' title='bbox 672 3071 794 3111; x_wconf 92' lang='lat' dir='ltr'><strong>non</strong></span> <span class='ocrx_word' id='word_1_335' title='bbox 826 3053 1056 3112; x_wconf 70' lang='lat' dir='ltr'><strong>solebat</strong></span> <span class='ocrx_word' id='word_1_336' title='bbox 1087 3054 1342 3112; x_wconf 87' lang='lat' dir='ltr'><strong>Ecclesia</strong></span> <span class='ocrx_word' id='word_1_337' title='bbox 1372 3053 1799 3130; x_wconf 89' lang='lat' dir='ltr'><strong>poenitentiam</strong></span> <span class='ocrx_word' id='word_1_338' title='bbox 1831 3054 2150 3128; x_wconf 89' lang='lat' dir='ltr'><strong>imponere,</strong></span> <span class='ocrx_word' id='word_1_339' title='bbox 2196 3056 2343 3131; x_wconf 89' lang='lat' dir='ltr'><strong>quin</strong></span> <span class='ocrx_word' id='word_1_340' title='bbox 2375 3054 2595 3114; x_wconf 87' lang='lat' dir='ltr'><strong>faceret</strong></span> <span class='ocrx_word' id='word_1_341' title='bbox 2626 3073 2791 3130; x_wconf 89' lang='lat' dir='ltr'><strong>spem</strong></span> <span class='ocrx_word' id='word_1_342' title='bbox 2824 3053 3033 3113; x_wconf 86' lang='lat' dir='ltr'><strong>veniae</strong></span> <span class='ocrx_word' id='word_1_343' title='bbox 3068 3049 3163 3135; x_wconf 88' lang='lat' dir='ltr'><strong>(cf.</strong></span> 
     </span>
     <span class='ocr_line' id='line_1_33' title="bbox 537 3137 3170 3224; baseline 0.001 -27"><span class='ocrx_word' id='word_1_344' title='bbox 537 3159 595 3197; x_wconf 91' lang='lat' dir='ltr'><strong>n.</strong></span> <span class='ocrx_word' id='word_1_345' title='bbox 633 3142 813 3203; x_wconf 80' lang='lat'><strong>454⁸.</strong></span> <span class='ocrx_word' id='word_1_346' title='bbox 850 3153 970 3204; x_wconf 84' lang='lat'><strong>457</strong></span> <span class='ocrx_word' id='word_1_347' title='bbox 1009 3137 1100 3224; x_wconf 74' lang='lat' dir='ltr'><strong>s).</strong></span> <span class='ocrx_word' id='word_1_348' title='bbox 1167 3145 1477 3218; x_wconf 89' lang='lat' dir='ltr'><strong>Imponere</strong></span> <span class='ocrx_word' id='word_1_349' title='bbox 1508 3143 1937 3219; x_wconf 89' lang='lat' dir='ltr'><strong>poenitentiam</strong></span> <span class='ocrx_word' id='word_1_350' title='bbox 1971 3143 2267 3217; x_wconf 86' lang='lat' dir='ltr'><strong>denegata</strong></span> <span class='ocrx_word' id='word_1_351' title='bbox 2312 3162 2417 3220; x_wconf 89' lang='lat' dir='ltr'><strong>spe</strong></span> <span class='ocrx_word' id='word_1_352' title='bbox 2462 3144 2668 3203; x_wconf 84' lang='lat' dir='ltr'><strong>veniae</strong></span> <span class='ocrx_word' id='word_1_353' title='bbox 2702 3145 2793 3202; x_wconf 90' lang='lat' dir='ltr'><strong>est</strong></span> <span class='ocrx_word' id='word_1_354' title='bbox 2824 3161 2979 3218; x_wconf 88' lang='lat' dir='ltr'><strong>pura</strong></span> <span class='ocrx_word' id='word_1_355' title='bbox 3010 3141 3170 3217; x_wconf 89' lang='lat' dir='ltr'><strong>puti-</strong></span> 
     </span>
     <span class='ocr_line' id='line_1_34' title="bbox 539 3229 3166 3308; baseline 0 -22"><span class='ocrx_word' id='word_1_356' title='bbox 539 3229 731 3303; x_wconf 87' lang='lat' dir='ltr'><strong>daque</strong></span> <span class='ocrx_word' id='word_1_357' title='bbox 762 3230 964 3305; x_wconf 84' lang='lat' dir='ltr'><strong>praxis</strong></span> <span class='ocrx_word' id='word_1_358' title='bbox 997 3232 1446 3303; x_wconf 86' lang='lat' dir='ltr'><strong>novatiana,</strong></span> <span class='ocrx_word' id='word_1_359' title='bbox 1492 3253 1671 3308; x_wconf 88' lang='lat' dir='ltr'><strong>quam</strong></span> <span class='ocrx_word' id='word_1_360' title='bbox 1719 3230 2176 3292; x_wconf 86' lang='lat' dir='ltr'><strong>consuetudinis</strong></span> <span class='ocrx_word' id='word_1_361' title='bbox 2210 3234 2403 3293; x_wconf 90' lang='lat' dir='ltr'><strong>instar</strong></span> <span class='ocrx_word' id='word_1_362' title='bbox 2433 3233 2496 3291; x_wconf 90' lang='lat' dir='ltr'><strong>in</strong></span> <span class='ocrx_word' id='word_1_363' title='bbox 2531 3232 2791 3291; x_wconf 85' lang='lat' dir='ltr'><strong>Ecclesia</strong></span> <span class='ocrx_word' id='word_1_364' title='bbox 2820 3231 3048 3307; x_wconf 88' lang='lat' dir='ltr'><strong>ubique</strong></span> <span class='ocrx_word' id='word_1_365' title='bbox 3080 3231 3166 3290; x_wconf 84' lang='lat' dir='ltr'><strong>vi-</strong></span> 
     </span>
     <span class='ocr_line' id='line_1_35' title="bbox 539 3318 3170 3396; baseline 0.001 -20"><span class='ocrx_word' id='word_1_366' title='bbox 539 3319 743 3396; x_wconf 88' lang='lat' dir='ltr'><strong>guisse</strong></span> <span class='ocrx_word' id='word_1_367' title='bbox 775 3319 912 3395; x_wconf 91' lang='lat' dir='ltr'><strong>quis</strong></span> <span class='ocrx_word' id='word_1_368' title='bbox 944 3340 1209 3396; x_wconf 90' lang='lat' dir='ltr'><strong>unquam</strong></span> <span class='ocrx_word' id='word_1_369' title='bbox 1243 3321 1500 3381; x_wconf 82' lang='lat' dir='ltr'><strong>dixerit?</strong></span> <span class='ocrx_word' id='word_1_370' title='bbox 1566 3322 1850 3380; x_wconf 88' lang='lat' dir='ltr'><strong>Testatur</strong></span> <span class='ocrx_word' id='word_1_371' title='bbox 1881 3318 1955 3384; x_wconf 86' lang='lat' dir='ltr'><strong>b.</strong></span> <span class='ocrx_word' id='word_1_372' title='bbox 1991 3323 2271 3396; x_wconf 83' lang='lat' dir='ltr'><strong>negatam</strong></span> <span class='ocrx_word' id='word_1_373' title='bbox 2305 3322 2491 3381; x_wconf 83' lang='lat' dir='ltr'><strong>fuisse</strong></span> <span class='ocrx_word' id='word_1_374' title='bbox 2522 3320 3021 3394; x_wconf 83' lang='lat' dir='ltr'><strong>communionem,</strong></span> <span class='ocrx_word' id='word_1_375' title='bbox 3069 3319 3170 3379; x_wconf 88' lang='lat' dir='ltr'><strong>sed</strong></span> 
     </span>
     <span class='ocr_line' id='line_1_36' title="bbox 540 3409 3170 3487; baseline 0 -21"><span class='ocrx_word' id='word_1_376' title='bbox 540 3425 875 3467; x_wconf 85' lang='lat' dir='ltr'><strong>concessam</strong></span> <span class='ocrx_word' id='word_1_377' title='bbox 908 3409 1354 3484; x_wconf 85' lang='lat' dir='ltr'><strong>poenitentiam,</strong></span> <span class='ocrx_word' id='word_1_378' title='bbox 1411 3429 1485 3468; x_wconf 88' lang='lat' dir='ltr'><strong>ne</strong></span> <span class='ocrx_word' id='word_1_379' title='bbox 1535 3413 1731 3469; x_wconf 89' lang='lat' dir='ltr'><strong>totum</strong></span> <span class='ocrx_word' id='word_1_380' title='bbox 1783 3409 2031 3485; x_wconf 88' lang='lat' dir='ltr'><strong>penitus</strong></span> <span class='ocrx_word' id='word_1_381' title='bbox 2079 3414 2419 3487; x_wconf 87' lang='lat' dir='ltr'><strong>negaretur,</strong></span> <span class='ocrx_word' id='word_1_382' title='bbox 2473 3411 2726 3486; x_wconf 87' lang='lat' dir='ltr'><strong>ideoque</strong></span> <span class='ocrx_word' id='word_1_383' title='bbox 2759 3409 3170 3469; x_wconf 87' lang='lat' dir='ltr'><strong>remissionem</strong></span> 
     </span>
     <span class='ocr_line' id='line_1_37' title="bbox 540 3497 3168 3576; baseline 0 -21"><span class='ocrx_word' id='word_1_384' title='bbox 540 3497 723 3556; x_wconf 87' lang='lat' dir='ltr'><strong>fuisse</strong></span> <span class='ocrx_word' id='word_1_385' title='bbox 757 3498 1075 3557; x_wconf 90' lang='lat' dir='ltr'><strong>duriorem.</strong></span> <span class='ocrx_word' id='word_1_386' title='bbox 1137 3499 1323 3575; x_wconf 89' lang='lat' dir='ltr'><strong>Atqui</strong></span> <span class='ocrx_word' id='word_1_387' title='bbox 1357 3503 1574 3576; x_wconf 88' lang='lat' dir='ltr'><strong>negata</strong></span> <span class='ocrx_word' id='word_1_388' title='bbox 1607 3500 1782 3558; x_wconf 85' lang='lat' dir='ltr'><strong>venia</strong></span> <span class='ocrx_word' id='word_1_389' title='bbox 1814 3503 1876 3558; x_wconf 89' lang='lat' dir='ltr'><strong>et</strong></span> <span class='ocrx_word' id='word_1_390' title='bbox 1906 3499 2283 3558; x_wconf 90' lang='lat' dir='ltr'><strong>absolutione</strong></span> <span class='ocrx_word' id='word_1_391' title='bbox 2314 3505 2513 3559; x_wconf 87' lang='lat' dir='ltr'><strong>totum</strong></span> <span class='ocrx_word' id='word_1_392' title='bbox 2545 3497 2760 3558; x_wconf 84' lang='lat' dir='ltr'><strong>fuisset</strong></span> <span class='ocrx_word' id='word_1_393' title='bbox 2791 3499 3168 3575; x_wconf 87' lang='lat' dir='ltr'><strong>denegatum,</strong></span> 
     </span>
     <span class='ocr_line' id='line_1_38' title="bbox 539 3586 3168 3663; baseline 0 -18"><span class='ocrx_word' id='word_1_394' title='bbox 539 3586 709 3645; x_wconf 90' lang='lat' dir='ltr'><strong>nulla</strong></span> <span class='ocrx_word' id='word_1_395' title='bbox 739 3605 1015 3646; x_wconf 85' lang='lat' dir='ltr'><strong>concessa</strong></span> <span class='ocrx_word' id='word_1_396' title='bbox 1044 3588 1330 3646; x_wconf 77' lang='lat' dir='ltr'><strong>remissio·</strong></span> <span class='ocrx_word' id='word_1_397' title='bbox 1397 3587 1551 3657; x_wconf 87' lang='lat' dir='ltr'><strong>Quid</strong></span> <span class='ocrx_word' id='word_1_398' title='bbox 1586 3588 1744 3646; x_wconf 92' lang='lat' dir='ltr'><strong>enim</strong></span> <span class='ocrx_word' id='word_1_399' title='bbox 1777 3588 2018 3663; x_wconf 89' lang='lat' dir='ltr'><strong>prodest</strong></span> <span class='ocrx_word' id='word_1_400' title='bbox 2060 3588 2267 3663; x_wconf 86' lang='lat' dir='ltr'><strong>ligare,</strong></span> <span class='ocrx_word' id='word_1_401' title='bbox 2321 3589 2371 3648; x_wconf 90' lang='lat' dir='ltr'><strong>si</strong></span> <span class='ocrx_word' id='word_1_402' title='bbox 2422 3608 2542 3648; x_wconf 89' lang='lat' dir='ltr'><strong>non</strong></span> <span class='ocrx_word' id='word_1_403' title='bbox 2591 3589 2867 3663; x_wconf 88' lang='lat' dir='ltr'><strong>sequitur</strong></span> <span class='ocrx_word' id='word_1_404' title='bbox 2917 3587 3168 3656; x_wconf 87' lang='lat' dir='ltr'><strong>solutio;</strong></span> 
     </span>
     <span class='ocr_line' id='line_1_39' title="bbox 541 3677 3171 3754; baseline -0.001 -19"><span class='ocrx_word' id='word_1_405' title='bbox 541 3694 674 3735; x_wconf 90' lang='lat' dir='ltr'><strong>cum</strong></span> <span class='ocrx_word' id='word_1_406' title='bbox 707 3694 908 3736; x_wconf 85' lang='lat' dir='ltr'><strong>omnes</strong></span> <span class='ocrx_word' id='word_1_407' title='bbox 943 3678 1254 3736; x_wconf 87' lang='lat' dir='ltr'><strong>crederent</strong></span> <span class='ocrx_word' id='word_1_408' title='bbox 1286 3677 1615 3736; x_wconf 90' lang='lat' dir='ltr'><strong>secundnm</strong></span> <span class='ocrx_word' id='word_1_409' title='bbox 1646 3677 1864 3735; x_wconf 83' lang='lat' dir='ltr'><strong>Christi</strong></span> <span class='ocrx_word' id='word_1_410' title='bbox 1914 3677 2112 3746; x_wconf 87' lang='lat' dir='ltr'><strong>verba,</strong></span> <span class='ocrx_word' id='word_1_411' title='bbox 2160 3697 2314 3752; x_wconf 89' lang='lat' dir='ltr'><strong>quae</strong></span> <span class='ocrx_word' id='word_1_412' title='bbox 2358 3677 2702 3736; x_wconf 83' lang='lat' dir='ltr'><strong>authentice</strong></span> <span class='ocrx_word' id='word_1_413' title='bbox 2745 3679 2944 3735; x_wconf 89' lang='lat' dir='ltr'><strong>essent</strong></span> <span class='ocrx_word' id='word_1_414' title='bbox 2988 3677 3171 3754; x_wconf 89' lang='lat' dir='ltr'><strong>ligata</strong></span> 
     </span>
     <span class='ocr_line' id='line_1_40' title="bbox 539 3765 3170 3842; baseline 0 -20"><span class='ocrx_word' id='word_1_415' title='bbox 539 3766 603 3824; x_wconf 89' lang='lat' dir='ltr'><strong>in</strong></span> <span class='ocrx_word' id='word_1_416' title='bbox 648 3765 845 3837; x_wconf 88' lang='lat' dir='ltr'><strong>terris,</strong></span> <span class='ocrx_word' id='word_1_417' title='bbox 900 3766 1086 3842; x_wconf 86' lang='lat' dir='ltr'><strong>ligata</strong></span> <span class='ocrx_word' id='word_1_418' title='bbox 1131 3767 1254 3825; x_wconf 86' lang='lat' dir='ltr'><strong>fore</strong></span> <span class='ocrx_word' id='word_1_419' title='bbox 1299 3769 1360 3824; x_wconf 90' lang='lat' dir='ltr'><strong>et</strong></span> <span class='ocrx_word' id='word_1_420' title='bbox 1403 3766 1466 3824; x_wconf 91' lang='lat' dir='ltr'><strong>in</strong></span> <span class='ocrx_word' id='word_1_421' title='bbox 1514 3766 1709 3835; x_wconf 87' lang='lat' dir='ltr'><strong>coelis,</strong></span> <span class='ocrx_word' id='word_1_422' title='bbox 1763 3766 2048 3841; x_wconf 90' lang='lat' dir='ltr'><strong>quamdiu</strong></span> <span class='ocrx_word' id='word_1_423' title='bbox 2093 3783 2212 3824; x_wconf 88' lang='lat' dir='ltr'><strong>non</strong></span> <span class='ocrx_word' id='word_1_424' title='bbox 2245 3770 2447 3826; x_wconf 89' lang='lat' dir='ltr'><strong>essent</strong></span> <span class='ocrx_word' id='word_1_425' title='bbox 2479 3766 2552 3825; x_wconf 91' lang='lat' dir='ltr'><strong>ab</strong></span> <span class='ocrx_word' id='word_1_426' title='bbox 2583 3766 2785 3825; x_wconf 89' lang='lat' dir='ltr'><strong>eadem</strong></span> <span class='ocrx_word' id='word_1_427' title='bbox 2818 3766 3170 3824; x_wconf 83' lang='lat' dir='ltr'><strong>auctoritate</strong></span> 
     </span>
     <span class='ocr_line' id='line_1_41' title="bbox 541 3854 3168 3932; baseline -0 -20"><span class='ocrx_word' id='word_1_428' title='bbox 541 3854 778 3913; x_wconf 77' lang='lat' dir='ltr'><strong>soluta?</strong></span> <span class='ocrx_word' id='word_1_429' title='bbox 842 3855 1097 3915; x_wconf 90' lang='lat' dir='ltr'><strong>Omnino</strong></span> <span class='ocrx_word' id='word_1_430' title='bbox 1129 3855 1287 3914; x_wconf 90' lang='lat' dir='ltr'><strong>enim</strong></span> <span class='ocrx_word' id='word_1_431' title='bbox 1318 3855 1645 3914; x_wconf 77' lang='lat' dir='ltr'><strong>tenendum</strong></span> <span class='ocrx_word' id='word_1_432' title='bbox 1679 3858 1772 3914; x_wconf 85' lang='lat' dir='ltr'><strong>est</strong></span> <span class='ocrx_word' id='word_1_433' title='bbox 1803 3855 2205 3932; x_wconf 89' lang='lat' dir='ltr'><strong>poenitentiae</strong></span> <span class='ocrx_word' id='word_1_434' title='bbox 2239 3856 2476 3914; x_wconf 89' lang='lat' dir='ltr'><strong>nomine</strong></span> <span class='ocrx_word' id='word_1_435' title='bbox 2507 3855 2802 3914; x_wconf 88' lang='lat' dir='ltr'><strong>inclusam</strong></span> <span class='ocrx_word' id='word_1_436' title='bbox 2834 3855 3022 3913; x_wconf 89' lang='lat' dir='ltr'><strong>fuisse</strong></span> <span class='ocrx_word' id='word_1_437' title='bbox 3067 3854 3168 3911; x_wconf 91' lang='lat' dir='ltr'><strong>ab-</strong></span> 
     </span>
     <span class='ocr_line' id='line_1_42' title="bbox 541 3942 3169 4022; baseline 0 -22"><span class='ocrx_word' id='word_1_438' title='bbox 541 3944 903 4002; x_wconf 88' lang='lat' dir='ltr'><strong>solutionem</strong></span> <span class='ocrx_word' id='word_1_439' title='bbox 922 3962 1030 4003; x_wconf 92' lang='lat' dir='ltr'><strong>seu</strong></span> <span class='ocrx_word' id='word_1_440' title='bbox 1051 3942 1368 4022; x_wconf 88' lang='lat' dir='ltr'><strong>significari</strong></span> <span class='ocrx_word' id='word_1_441' title='bbox 1387 3947 1582 4002; x_wconf 88' lang='lat' dir='ltr'><strong>totum</strong></span> <span class='ocrx_word' id='word_1_442' title='bbox 1604 3944 1791 4002; x_wconf 87' lang='lat' dir='ltr'><strong>ritum</strong></span> <span class='ocrx_word' id='word_1_443' title='bbox 1812 3945 2317 4016; x_wconf 88' lang='lat' dir='ltr'><strong>sacramentalem,</strong></span> <span class='ocrx_word' id='word_1_444' title='bbox 2346 3945 2505 4004; x_wconf 89' lang='lat' dir='ltr'><strong>sicut</strong></span> <span class='ocrx_word' id='word_1_445' title='bbox 2523 3948 2586 4003; x_wconf 89' lang='lat' dir='ltr'><strong>et</strong></span> <span class='ocrx_word' id='word_1_446' title='bbox 2604 3943 2845 4002; x_wconf 89' lang='lat' dir='ltr'><strong>nomine</strong></span> <span class='ocrx_word' id='word_1_447' title='bbox 2865 3942 3169 4018; x_wconf 85' lang='lat' dir='ltr'><strong>baptismi.</strong></span> 
     </span>
     <span class='ocr_line' id='line_1_43' title="bbox 540 4028 3169 4112; baseline -0 -21"><span class='ocrx_word' id='word_1_448' title='bbox 540 4033 749 4107; x_wconf 87' lang='lat' dir='ltr'><strong>Neque</strong></span> <span class='ocrx_word' id='word_1_449' title='bbox 799 4032 999 4091; x_wconf 90' lang='lat' dir='ltr'><strong>obstat</strong></span> <span class='ocrx_word' id='word_1_450' title='bbox 1047 4047 1113 4096; x_wconf 77' lang='lat' dir='ltr'><strong>e.</strong></span> <span class='ocrx_word' id='word_1_451' title='bbox 1166 4033 1340 4103; x_wconf 77' lang='lat' dir='ltr'><strong>rati0‚</strong></span> <span class='ocrx_word' id='word_1_452' title='bbox 1392 4052 1571 4108; x_wconf 90' lang='lat' dir='ltr'><strong>quam</strong></span> <span class='ocrx_word' id='word_1_453' title='bbox 1617 4032 1817 4092; x_wconf 87' lang='lat' dir='ltr'><strong>reddit</strong></span> <span class='ocrx_word' id='word_1_454' title='bbox 1862 4034 2124 4108; x_wconf 80' lang='lat' dir='ltr'><strong>pontifex</strong></span> <span class='ocrx_word' id='word_1_455' title='bbox 2158 4033 2418 4093; x_wconf 87' lang='lat' dir='ltr'><strong>mitioris</strong></span> <span class='ocrx_word' id='word_1_456' title='bbox 2452 4033 2803 4109; x_wconf 91' lang='lat' dir='ltr'><strong>disciplinae</strong></span> <span class='ocrx_word' id='word_1_457' title='bbox 2835 4028 2938 4112; x_wconf 92' lang='lat' dir='ltr'><strong>(ne</strong></span> <span class='ocrx_word' id='word_1_458' title='bbox 2970 4032 3169 4090; x_wconf 82' lang='lat' dir='ltr'><strong>Nova-</strong></span> 
     </span>
     <span class='ocr_line' id='line_1_44' title="bbox 540 4117 3169 4202; baseline 0 -24"><span class='ocrx_word' id='word_1_459' title='bbox 540 4120 691 4179; x_wconf 85' lang='lat' dir='ltr'><strong>tiani</strong></span> <span class='ocrx_word' id='word_1_460' title='bbox 726 4170 739 4183; x_wconf 94' lang='lat'><strong>.</strong></span> <span class='ocrx_word' id='word_1_461' title='bbox 772 4169 785 4184; x_wconf 93' lang='lat'><strong>.</strong></span> <span class='ocrx_word' id='word_1_462' title='bbox 824 4171 837 4185; x_wconf 90' lang='lat'><strong>.</strong></span> <span class='ocrx_word' id='word_1_463' title='bbox 884 4122 1169 4180; x_wconf 87' lang='lat' dir='ltr'><strong>duritiam</strong></span> <span class='ocrx_word' id='word_1_464' title='bbox 1217 4122 1385 4197; x_wconf 91' lang='lat' dir='ltr'><strong>sequi</strong></span> <span class='ocrx_word' id='word_1_465' title='bbox 1433 4117 1800 4202; x_wconf 82' lang='lat' dir='ltr'><strong>videamur):</strong></span> <span class='ocrx_word' id='word_1_466' title='bbox 1851 4141 1985 4180; x_wconf 91' lang='lat' dir='ltr'><strong>nam</strong></span> <span class='ocrx_word' id='word_1_467' title='bbox 2037 4141 2256 4199; x_wconf 89' lang='lat' dir='ltr'><strong>negare</strong></span> <span class='ocrx_word' id='word_1_468' title='bbox 2305 4121 2751 4198; x_wconf 86' lang='lat' dir='ltr'><strong>poenitentibus</strong></span> <span class='ocrx_word' id='word_1_469' title='bbox 2802 4120 2867 4179; x_wconf 91' lang='lat' dir='ltr'><strong>in</strong></span> <span class='ocrx_word' id='word_1_470' title='bbox 2916 4120 3169 4180; x_wconf 87' lang='lat' dir='ltr'><strong>articulo</strong></span> 
     </span>
     <span class='ocr_line' id='line_1_45' title="bbox 541 4209 3170 4288; baseline 0.001 -22"><span class='ocrx_word' id='word_1_471' title='bbox 541 4209 749 4267; x_wconf 89' lang='lat' dir='ltr'><strong>mortis</strong></span> <span class='ocrx_word' id='word_1_472' title='bbox 782 4211 1101 4285; x_wconf 87' lang='lat' dir='ltr'><strong>perfectam</strong></span> <span class='ocrx_word' id='word_1_473' title='bbox 1135 4230 1352 4288; x_wconf 90' lang='lat' dir='ltr'><strong>pacem,</strong></span> <span class='ocrx_word' id='word_1_474' title='bbox 1400 4213 1635 4287; x_wconf 90' lang='lat' dir='ltr'><strong>plenam</strong></span> <span class='ocrx_word' id='word_1_475' title='bbox 1674 4211 2131 4278; x_wconf 89' lang='lat' dir='ltr'><strong>absolutionem,</strong></span> <span class='ocrx_word' id='word_1_476' title='bbox 2182 4211 2478 4288; x_wconf 88' lang='lat' dir='ltr'><strong>integram</strong></span> <span class='ocrx_word' id='word_1_477' title='bbox 2525 4211 3000 4269; x_wconf 89' lang='lat' dir='ltr'><strong>communionem</strong></span> <span class='ocrx_word' id='word_1_478' title='bbox 3050 4229 3170 4269; x_wconf 92' lang='lat' dir='ltr'><strong>non</strong></span> 
     </span>
     <span class='ocr_line' id='line_1_46' title="bbox 542 4298 3172 4376; baseline 0 -21"><span class='ocrx_word' id='word_1_479' title='bbox 542 4303 632 4355; x_wconf 83' lang='lat' dir='ltr'><strong>est</strong></span> <span class='ocrx_word' id='word_1_480' title='bbox 665 4298 904 4372; x_wconf 90' lang='lat' dir='ltr'><strong>quidem</strong></span> <span class='ocrx_word' id='word_1_481' title='bbox 938 4301 1132 4375; x_wconf 85' lang='lat' dir='ltr'><strong>praxis</strong></span> <span class='ocrx_word' id='word_1_482' title='bbox 1165 4300 1502 4374; x_wconf 82' lang='lat' dir='ltr'><strong>novatiana,</strong></span> <span class='ocrx_word' id='word_1_483' title='bbox 1552 4300 1656 4359; x_wconf 90' lang='lat' dir='ltr'><strong>sed</strong></span> <span class='ocrx_word' id='word_1_484' title='bbox 1692 4300 1764 4358; x_wconf 92' lang='lat' dir='ltr'><strong>ad</strong></span> <span class='ocrx_word' id='word_1_485' title='bbox 1799 4318 1924 4358; x_wconf 92' lang='lat' dir='ltr'><strong>eam</strong></span> <span class='ocrx_word' id='word_1_486' title='bbox 1956 4300 2198 4370; x_wconf 89' lang='lat' dir='ltr'><strong>accedit,</strong></span> <span class='ocrx_word' id='word_1_487' title='bbox 2248 4319 2377 4359; x_wconf 91' lang='lat' dir='ltr'><strong>eam</strong></span> <span class='ocrx_word' id='word_1_488' title='bbox 2413 4299 2838 4376; x_wconf 88' lang='lat' dir='ltr'><strong>propemodum</strong></span> <span class='ocrx_word' id='word_1_489' title='bbox 2870 4301 3064 4375; x_wconf 82' lang='lat' dir='ltr'><strong>sapit:</strong></span> <span class='ocrx_word' id='word_1_490' title='bbox 3112 4301 3172 4357; x_wconf 91' lang='lat' dir='ltr'><strong>et</strong></span> 
     </span>
     <span class='ocr_line' id='line_1_47' title="bbox 544 4386 3170 4464; baseline 0 -20"><span class='ocrx_word' id='word_1_491' title='bbox 544 4386 684 4462; x_wconf 90' lang='lat' dir='ltr'><strong>quia</strong></span> <span class='ocrx_word' id='word_1_492' title='bbox 713 4388 974 4446; x_wconf 87' lang='lat' dir='ltr'><strong>Ecclesia</strong></span> <span class='ocrx_word' id='word_1_493' title='bbox 1005 4389 1098 4446; x_wconf 80' lang='lat' dir='ltr'><strong>vel</strong></span> <span class='ocrx_word' id='word_1_494' title='bbox 1130 4389 1403 4447; x_wconf 89' lang='lat' dir='ltr'><strong>umbram</strong></span> <span class='ocrx_word' id='word_1_495' title='bbox 1438 4388 1635 4464; x_wconf 88' lang='lat' dir='ltr'><strong>praxis</strong></span> <span class='ocrx_word' id='word_1_496' title='bbox 1667 4389 1995 4447; x_wconf 86' lang='lat' dir='ltr'><strong>haereticae</strong></span> <span class='ocrx_word' id='word_1_497' title='bbox 2028 4407 2232 4447; x_wconf 85' lang='lat' dir='ltr'><strong>cavere</strong></span> <span class='ocrx_word' id='word_1_498' title='bbox 2265 4389 2461 4459; x_wconf 92' lang='lat' dir='ltr'><strong>debet,</strong></span> <span class='ocrx_word' id='word_1_499' title='bbox 2511 4388 2722 4447; x_wconf 86' lang='lat' dir='ltr'><strong>merito</strong></span> <span class='ocrx_word' id='word_1_500' title='bbox 2755 4392 2817 4446; x_wconf 89' lang='lat' dir='ltr'><strong>et</strong></span> <span class='ocrx_word' id='word_1_501' title='bbox 2848 4387 3001 4446; x_wconf 85' lang='lat' dir='ltr'><strong>hanc</strong></span> <span class='ocrx_word' id='word_1_502' title='bbox 3032 4406 3170 4447; x_wconf 90' lang='lat' dir='ltr'><strong>con·</strong></span> 
     </span>
     <span class='ocr_line' id='line_1_48' title="bbox 543 4473 3170 4554; baseline 0 -21"><span class='ocrx_word' id='word_1_503' title='bbox 543 4475 922 4535; x_wconf 87' lang='lat' dir='ltr'><strong>suetudinem</strong></span> <span class='ocrx_word' id='word_1_504' title='bbox 954 4477 1286 4554; x_wconf 85' lang='lat' dir='ltr'><strong>abrogavit.</strong></span> <span class='ocrx_word' id='word_1_505' title='bbox 1349 4481 1557 4553; x_wconf 89' lang='lat' dir='ltr'><strong>Neque</strong></span> <span class='ocrx_word' id='word_1_506' title='bbox 1604 4478 1850 4536; x_wconf 84' lang='lat' dir='ltr'><strong>obstant</strong></span> <span class='ocrx_word' id='word_1_507' title='bbox 1895 4473 1963 4542; x_wconf 84' lang='lat' dir='ltr'><strong>(l.</strong></span> <span class='ocrx_word' id='word_1_508' title='bbox 2015 4478 2213 4547; x_wconf 85' lang='lat' dir='ltr'><strong>verba,</strong></span> <span class='ocrx_word' id='word_1_509' title='bbox 2262 4478 2484 4553; x_wconf 86' lang='lat' dir='ltr'><strong>quibus</strong></span> <span class='ocrx_word' id='word_1_510' title='bbox 2532 4477 2786 4537; x_wconf 85' lang='lat' dir='ltr'><strong>mitioris</strong></span> <span class='ocrx_word' id='word_1_511' title='bbox 2818 4476 3170 4553; x_wconf 88' lang='lat' dir='ltr'><strong>disciplinae</strong></span> 
     </span>
     <span class='ocr_line' id='line_1_49' title="bbox 541 4565 3167 4643; baseline 0 -21"><span class='ocrx_word' id='word_1_512' title='bbox 541 4565 678 4623; x_wconf 88' lang='lat' dir='ltr'><strong>finis</strong></span> <span class='ocrx_word' id='word_1_513' title='bbox 725 4565 1114 4643; x_wconf 88' lang='lat' dir='ltr'><strong>significatur,</strong></span> <span class='ocrx_word' id='word_1_514' title='bbox 1163 4570 1253 4638; x_wconf 89' lang='lat' dir='ltr'><strong>,ut</strong></span> <span class='ocrx_word' id='word_1_515' title='bbox 1300 4568 1566 4625; x_wconf 89' lang='lat' dir='ltr'><strong>homines</strong></span> <span class='ocrx_word' id='word_1_516' title='bbox 1613 4566 1957 4642; x_wconf 84' lang='lat' dir='ltr'><strong>hujusmodi</strong></span> <span class='ocrx_word' id='word_1_517' title='bbox 1990 4610 2004 4624; x_wconf 94' lang='lat'><strong>.</strong></span> <span class='ocrx_word' id='word_1_518' title='bbox 2038 4610 2052 4623; x_wconf 89' lang='lat'><strong>.</strong></span> <span class='ocrx_word' id='word_1_519' title='bbox 2087 4611 2100 4624; x_wconf 90' lang='lat'><strong>.</strong></span> <span class='ocrx_word' id='word_1_520' title='bbox 2146 4586 2180 4624; x_wconf 90' lang='lat' dir='ltr'><strong>a</strong></span> <span class='ocrx_word' id='word_1_521' title='bbox 2209 4570 2497 4642; x_wconf 89' lang='lat' dir='ltr'><strong>perpetuo</strong></span> <span class='ocrx_word' id='word_1_522' title='bbox 2529 4566 2709 4625; x_wconf 85' lang='lat' dir='ltr'><strong>exitio</strong></span> <span class='ocrx_word' id='word_1_523' title='bbox 2744 4565 3167 4630; x_wconf 86' lang='lat' dir='ltr'><strong>vindicentur‘,</strong></span> 
     </span>
     <span class='ocr_line' id='line_1_50' title="bbox 543 4654 3170 4731; baseline -0 -20"><span class='ocrx_word' id='word_1_524' title='bbox 543 4673 676 4712; x_wconf 89' lang='lat' dir='ltr'><strong>cum</strong></span> <span class='ocrx_word' id='word_1_525' title='bbox 710 4673 1041 4731; x_wconf 89' lang='lat' dir='ltr'><strong>supponere</strong></span> <span class='ocrx_word' id='word_1_526' title='bbox 1073 4674 1192 4713; x_wconf 92' lang='lat' dir='ltr'><strong>non</strong></span> <span class='ocrx_word' id='word_1_527' title='bbox 1223 4655 1414 4724; x_wconf 87' lang='lat' dir='ltr'><strong>liceat,</strong></span> <span class='ocrx_word' id='word_1_528' title='bbox 1449 4655 1771 4714; x_wconf 88' lang='lat' dir='ltr'><strong>Ecclesiam</strong></span> <span class='ocrx_word' id='word_1_529' title='bbox 1804 4656 2105 4731; x_wconf 91' lang='lat' dir='ltr'><strong>sequendo</strong></span> <span class='ocrx_word' id='word_1_530' title='bbox 2140 4656 2651 4730; x_wconf 88' lang='lat' dir='ltr'><strong>consuetudinem,</strong></span> <span class='ocrx_word' id='word_1_531' title='bbox 2686 4656 2860 4729; x_wconf 86' lang='lat' dir='ltr'><strong>cujus</strong></span> <span class='ocrx_word' id='word_1_532' title='bbox 2893 4654 3170 4713; x_wconf 89' lang='lat' dir='ltr'><strong>meminit</strong></span> 
     </span>
    </p>
   </div>
  </div>
 </body>
</html>
