3538 5364
557 292 686 355 290
1059 280 1243 334 Tract.
1271 280 1367 334 IX.
1393 280 1462 333 de
1491 278 1855 333 eucharistia.
1882 278 2239 333 Praestantia
2266 277 2663 331 eucharistiae.

559 473 693 528 tum
744 464 912 527 sicut
961 463 1044 526 ad
1093 462 1304 526 finem.
1366 460 1776 526 Manifestum
1822 466 1921 525 est
1970 459 2158 537 enim,
2205 459 2377 541 quod
2426 465 2904 524 sacramentum
2937 458 3176 523 ordinis

559 572 892 636 ordinatur
937 571 1020 634 ad
1069 568 1493 635 eucharistiae
1539 568 2128 643 consecrationem;
2179 572 2656 632 sacramentum
2685 584 2842 630 vero
2874 565 3176 648 baptismi

557 679 888 743 ordinatur
919 677 1001 741 ad
1035 676 1462 743 eucharistiae
1494 676 1964 756 receptionem:
1997 674 2064 739 in
2096 695 2222 757 quo
2257 676 2451 740 etiam
2471 674 2795 756 perficitur
2813 672 3043 755 aliquis
3063 691 3178 754 per

557 784 1130 858 confirmationem,
1178 788 1249 846 ut
1297 800 1430 846 non
1481 787 1782 847 vereatur
1831 799 1901 863 se
1933 781 2314 846 subtrahere
2347 800 2389 845 a
2418 781 2530 845 tali
2561 786 2992 844 sacramento.
3056 778 3178 844 Per

556 891 1019 974 poenitentiam
1052 890 1250 955 etiam
1281 896 1346 953 et
1380 895 1735 954 extremam
1778 889 2144 953 unctionem
2189 894 2613 969 praeparatur
2642 888 2841 952 homo
2874 887 2957 950 ad
2989 885 3177 967 digne

559 998 941 1063 sumendum
973 1015 1206 1077 corpus
1241 993 1490 1059 Christi.
1541 995 2018 1059 Matrimonium
2067 995 2262 1059 etiarn
2294 996 2524 1060 saltem
2564 1013 2683 1059 sua
2717 993 3176 1075 significatione

560 1105 815 1185 attingit
864 1103 988 1167 hoc
1040 1109 1536 1179 sacramentum,
1588 1103 1652 1166 in
1685 1109 1998 1184 quantum
2049 1101 2362 1182 significat
2394 1102 2914 1184 conjunctionem
2946 1099 3176 1164 Christi

558 1219 623 1278 et
652 1211 994 1287 Ecclesiae,
1028 1210 1208 1291 cujus
1241 1210 1454 1274 unitas
1486 1227 1600 1290 per
1632 1215 2116 1275 sacramentum
2166 1209 2592 1273 eucharistiae
2624 1207 2934 1289 figuratur
2965 1207 3175 1295 (adde,

558 1325 622 1383 et
652 1317 1160 1403 consummatur)
1197 1366 1208 1377 .
1246 1367 1256 1378 .
1294 1367 1305 1378 .
1354 1315 1639 1380 Tertio
1691 1316 1817 1379 hoc
1850 1322 2120 1397 apparet
2150 1335 2228 1381 ex
2260 1316 2387 1379 ritu
2421 1322 2992 1389 sacramentorum,
3023 1332 3175 1377 nam

558 1426 686 1490 fere
720 1425 939 1489 omnia
970 1428 1381 1487 sacramenta
1412 1422 1476 1485 in
1508 1422 1901 1486 eucharistia
1933 1428 2465 1487 consummantur
2497 1430 2652 1487 etc<

733 1554 951 1612 Tamen
985 1572 1058 1612 ne
1089 1552 1246 1622 haec,
1281 1571 1432 1628 quae
1463 1552 1534 1611 de
1569 1554 1933 1627 praestantia
1951 1553 2342 1612 eucharistiae
2371 1573 2512 1629 prae
2544 1553 2754 1612 ceteris
2788 1550 3171 1611 sacramentis

557 1643 674 1701 dici
707 1642 899 1702 solent
927 1663 961 1701 a
990 1641 1302 1719 theologis,
1351 1644 1728 1717 praepostere
1759 1642 2082 1719 intelligas,
2130 1660 2268 1702 cave
2300 1661 2375 1701 ne
2404 1645 2733 1720 propterea,
2768 1639 2929 1717 quod
2960 1638 3174 1698 eucha-

554 1732 725 1790 ristia
755 1731 1084 1808 gratiarum
1115 1732 1354 1802 fontem,
1402 1734 1597 1790 cetera
1629 1736 1996 1789 sacramenta
2027 1732 2253 1809 gratiae
2284 1731 2512 1792 rivulos
2546 1730 2848 1790 continere
2880 1728 3172 1796 dicantur,

553 1824 730 1896 putes
764 1839 893 1880 eam
923 1820 1155 1896 reliqua
1182 1837 1359 1896 posse
1391 1820 1668 1896 supplere
1701 1823 2084 1891 sacramenta,
2132 1821 2225 1880 vel
2272 1840 2477 1880 eorum
2510 1819 2743 1896 operari
2774 1820 3049 1877 effectum
3082 1818 3176 1875 vel

555 1910 731 1968 etiam
765 1910 902 1985 plus
933 1909 1158 1986 gratiae
1190 1910 1470 1980 conferre,
1502 1909 1660 1985 quod
1692 1909 1994 1985 posterius
2016 1910 2189 1985 plane
2209 1910 2504 1969 incertum
2537 1913 2643 1979 est,
2675 1912 2829 1967 teste
2862 1907 2935 1967 de
2967 1907 3068 1966 Lu
3086 1925 3174 1983 go

556 1998 628 2057 de
659 1998 827 2059 euch.
860 1997 915 2056 d.
956 2009 981 2060 1
1022 2016 1078 2056 ιι.
1108 2009 1204 2060 11.
1241 1998 1516 2057 Continet
1547 1997 1789 2073 quidem
1821 1997 2045 2076 gratiae
2076 2003 2392 2070 auctorem,
2426 1998 2676 2057 virtutis
2705 1996 3174 2057 sanctificatricis

555 2086 1013 2163 plenitudinem,
1058 2105 1238 2163 quam
1284 2090 1484 2146 tamen
1529 2088 1802 2146 Christus
1847 2106 1967 2146 non
2010 2088 2338 2147 secundum
2371 2090 2559 2147 totam
2591 2086 2976 2146 latitudinem
3007 2104 3171 2145 suam

504 2222 509 2227 .
555 2177 788 2246 exserit,
836 2176 938 2234 sed
984 2175 1310 2235 secundum
1356 2177 1548 2253 legem
1595 2197 1629 2234 a
1673 2195 1734 2235 se
1781 2178 2102 2247 statutam;
2147 2180 2352 2253 posset
2382 2176 2622 2253 quidem
2655 2176 2889 2252 operari
2920 2175 3176 2234 aliorum

556 2268 1056 2325 sacramentorum
1100 2264 1375 2324 effectum
1418 2284 1524 2341 per
1568 2265 2002 2336 eucharistiam,
2055 2265 2158 2324 sed
2204 2265 2321 2325 illis
2366 2267 2548 2325 semel
2594 2265 2896 2324 institutis
2942 2268 3177 2341 praeter

554 2356 684 2431 ipsa
715 2373 919 2413 eorum
951 2354 1223 2413 effectum
1255 2354 1482 2430 operari
1513 2373 1633 2413 non
1665 2355 1817 2413 vult.
1882 2353 2076 2424 Quare
2109 2354 2392 2414 affirmari
2422 2359 2660 2413 tantum
2690 2357 2911 2430 potest,
2959 2353 3172 2412 eucha-

554 2444 724 2503 ristia
767 2444 1019 2502 aliorum
1065 2446 1563 2503 sacramentorum
1595 2443 1841 2503 effectus
1873 2444 2267 2503 consummari
2313 2449 2375 2502 et
2419 2444 2492 2503 ad
2538 2443 2881 2501 ulteriorem
2928 2441 3174 2518 provebi

554 2533 989 2609 perfectionem.
1051 2532 1131 2594 Of.
1166 2532 1378 2592 Suarez
1410 2533 1473 2590 in
1511 2543 1564 2595 3.
1597 2552 1654 2609 p.
1688 2536 1728 2593 t.
1766 2541 1801 2594 3
1836 2533 1892 2592 d.
1931 2542 2031 2596 40.

735 2658 881 2723 327.
916 2656 978 2724 ὃ.
1011 2653 1414 2718 Eucharistia
1443 2672 1593 2719 vere
1626 2660 1724 2718 est
1772 2652 2277 2717 mirabilium
2327 2651 2778 2735 compendium
2811 2657 2876 2716 et
2907 2667 3174 2715 summa.

556 2762 631 2825 Et
650 2763 713 2825 in
735 2762 954 2843 primis
975 2778 1055 2825 ea
1075 2767 1173 2827 est
1193 2760 1585 2824 admirabilis
1606 2760 1969 2824 divinarum
1984 2759 2447 2841 perfectionum
2464 2759 2925 2835 manifestati03
2943 2765 3176 2841 quant-

555 2886 750 2949 opere
784 2869 954 2932 enim
987 2867 1095 2931 illa
1128 2866 1619 2932 manifestantur
1652 2867 1871 2931 divina
1902 2868 2209 2949 potentia,
2242 2867 2612 2942 liberalitas,
2631 2865 3177 2947 bonitas,sapien-

555 2974 647 3038 tia
679 2977 842 3037 etc?
875 2974 1047 3056 quod
1079 2991 1226 3038 cum
1260 2973 1558 3038 omnibus
1591 2975 1674 3037 sit
1702 2981 1948 3051 notum,
1980 2974 2267 3055 pluribus
2298 2987 2430 3038 non
2463 2975 2887 3056 exsequimur.
2942 3023 2945 3026 .

730 3101 798 3166 6.
832 3097 943 3163 Est
992 3098 1221 3163 deinde
1271 3106 1748 3163 sacramentum
1802 3098 2234 3163 eucharistiae
2289 3098 2742 3180 compendium
2792 3096 3175 3162 mirabilium

554 3205 838 3287 mysterii
870 3205 1329 3269 incarnationis
1362 3223 1442 3269 ac
1472 3205 1945 3286 propemodum
1977 3205 2300 3288 quaedam
2333 3206 2619 3287 eJusdem
2651 3205 2960 3287 repetitio

733 3337 1030 3412 Analoyia
1061 3337 1474 3395 eucharistiam
1505 3339 1657 3395 inter
1700 3344 1752 3394 et
1796 3339 2272 3400 incarnationem.
2304 3370 2391 3380 —
2425 3337 2592 3396 Sicut
2622 3336 2781 3395 enim
2814 3352 2880 3398 a.
2915 3335 3175 3395 Verbum

553 3443 622 3482 ex
669 3424 725 3481 b.
759 3424 941 3482 Maria
976 3424 1037 3487 V.
1087 3443 1332 3484 nascens
1377 3443 1550 3484 carne
1596 3425 1881 3484 amictum
1928 3425 2151 3502 prodiit
2195 3431 2255 3484 et
2301 3427 2364 3484 in
2410 3425 2720 3502 praesepio
2756 3425 2949 3500 jacuit
2962 3420 3046 3508 ¹):
3093 3424 3178 3482 ita

775 3625 810 3692 ¹)
833 3621 1244 3690 Chrysosto
1266 3640 1417 3676 mus
1441 3623 1594 3680 hom.
1620 3623 1680 3676 in
1717 3642 1756 3676 s.
1787 3623 2195 3694 Philogonium
2225 3642 2278 3676 n.
2310 3631 2343 3680 3
2368 3624 2639 3695 (Migne
2666 3632 2753 3689 48,
2781 3626 2938 3695 753):
2992 3621 3176 3689 „Quid

553 3702 965 3767 excusabimus,
992 3705 1097 3756 aut
1121 3719 1298 3770 quam
1327 3702 1552 3758 veniam
1579 3703 1987 3767 obtinebimus,
2027 3703 2073 3756 si
2103 3721 2234 3757 cum
2264 3703 2385 3774 ipse
2414 3705 2595 3759 nostri
2621 3721 2793 3758 causa
2820 3702 3179 3758 descenderit

553 3799 580 3832 e
609 3780 795 3845 coelis,
823 3798 925 3836 nos
949 3781 1025 3835 ad
1051 3781 1217 3836 illum
1247 3783 1337 3836 vel
1378 3799 1445 3836 ex
1484 3783 1725 3837 aedibus
1763 3783 1850 3837 ire
1888 3793 2230 3854 gravemur?
2268 3801 2399 3838 cum
2438 3785 2793 3856 alienigenae
2834 3783 3177 3851 barbarique

555 3861 708 3930 magi
735 3877 800 3915 ex
829 3860 1059 3915 Perside
1085 3866 1404 3928 accurrant,
1433 3865 1499 3916 ut
1526 3863 1690 3918 illum
1718 3863 1956 3918 videant
1981 3865 2041 3918 in
2070 3865 2330 3935 praesepi
2350 3866 2735 3932 jacenten1‚tu
2756 3882 2889 3919 vero
2910 3866 3012 3933 qui
3034 3865 3176 3920 chri-

553 3940 774 3994 stianus
800 3956 876 4005 es,
903 3957 974 3994 ne
1002 3943 1170 3996 breve
1199 3942 1430 4012 quidem
1461 3944 1714 4013 spatium
1740 3944 1965 3998 emetiri
1987 3944 2287 4010 sustineas,
2314 3949 2383 3998 ut
2400 3946 2507 4000 hoc
2531 3945 2687 4001 felici
2707 3945 3035 4017 spectaculo
3056 3961 3177 4015 per-

557 4020 802 4073 fruaris?
829 4021 978 4074 Nam
1004 4022 1055 4075 si
1081 4040 1211 4076 cum
1238 4023 1348 4077 fide
1374 4024 1792 4089 accesserimus,
1819 4025 2021 4095 procul
2046 4025 2223 4080 dubio
2252 4025 2575 4080 videbimus
2615 4026 2780 4081 illum
2825 4026 2889 4078 in
2916 4026 3178 4096 praesepi

551 4100 851 4168 jacentem,
878 4098 1163 4167 siquidem
1190 4101 1330 4154 haec
1357 4118 1549 4157 mensa
1574 4103 1755 4158 vicem
1785 4103 1975 4174 explet
2001 4103 2307 4174 praesepis.
2336 4103 2484 4158 Nam
2513 4109 2572 4158 et
2590 4104 2684 4158 hic
2707 4106 2955 4175 ponetur
2974 4120 3177 4174 corpus

552 4178 923 4244 dominicum,
950 4196 1068 4234 non
1095 4181 1328 4249 quidem
1357 4181 1547 4236 fasciis
1574 4182 1904 4239 involutum
1930 4186 2080 4238 sicut
2106 4188 2261 4249 tunc,
2289 4185 2387 4238 sed
2407 4185 2664 4253 undique
2692 4185 2915 4256 Spiritu
2942 4201 2985 4237 s.
3013 4182 3178 4237 vesti-

551 4264 694 4314 tum.
746 4258 857 4324 Qui
883 4261 1168 4329 mysteriis
1193 4261 1415 4316 initiati
1443 4266 1595 4328 sunt,
1624 4264 1968 4333 intelligunt
1991 4281 2139 4333 quae
2165 4264 2454 4320 dicuntur.
2483 4267 2564 4318 Ac
2585 4264 2741 4335 magi
2768 4265 3003 4333 quidem
3030 4262 3178 4317 nihil

551 4340 709 4394 aliud
739 4356 913 4408 quam
940 4341 1271 4407 adorarunt,
1298 4342 1408 4397 tibi
1436 4360 1585 4409 vero,
1613 4344 1663 4397 si
1688 4361 1818 4398 cum
1839 4361 1983 4415 pura
2012 4345 2360 4399 conscientia
2403 4347 2720 4412 accesseris,
2760 4344 3177 4417 permittemus,

554 4423 619 4473 ut
644 4437 836 4475 sumas
862 4424 921 4475 et
945 4426 1176 4494 sumpto
1203 4424 1436 4478 domum
1476 4426 1645 4478 abeas
1685 4427 1825 4478 etc.“
1881 4424 2109 4479 Similia
2150 4425 2327 4479 habet
2352 4427 2503 4480 hom.
2529 4433 2601 4482 24
2626 4425 2688 4481 in
2722 4435 2766 4483 1.
2794 4426 2917 4482 Cor.
2946 4444 3000 4482 n.
3032 4437 3079 4482 5.
3111 4459 3173 4468 -

553 4501 597 4554 Τ
616 4502 652 4553 h
669 4518 698 4555 e
715 4518 747 4555 0
765 4502 850 4556 do
869 4506 946 4557 tu
965 4521 990 4557 s
1041 4520 1360 4572 ancyranus
1387 4522 1429 4557 s.
1470 4504 1540 4557 de
1579 4504 1759 4557 nativ.
1791 4504 1919 4558 Chr.
1948 4506 2117 4560 vocat
2155 4522 2426 4576 praesepe
2454 4509 2693 4560 matrem
2722 4524 2947 4562 mensae
2973 4509 3176 4562 eucha-

549 4581 795 4647 risticae,
822 4583 1070 4638 subdens
1096 4601 1150 4638 n.
1184 4591 1242 4639 11
1267 4606 1278 4637 ;
1309 4584 1649 4655 „Propterea
1675 4584 1737 4639 in
1765 4584 1866 4639 illo
1896 4587 1980 4638 est
2005 4587 2246 4656 positus,
2274 4589 2340 4640 ut
2366 4586 2426 4639 in
2455 4586 2564 4640 ista
2591 4586 2796 4642 edatur
2822 4590 2882 4643 et
2907 4587 3174 4642 fidelibus

553 4661 653 4714 flat
678 4662 947 4717 salutaris
973 4662 1152 4718 cibus.
1181 4663 1255 4716 Et
1283 4680 1550 4735 praesepe
1579 4665 1814 4733 quidem
1841 4665 1989 4718 hanc
2017 4666 2228 4720 claram
2250 4683 2498 4722 mensam
2526 4666 2903 4738 designavit.“
2933 4702 3001 4710 —
3029 4667 3175 4721 Ada-

551 4759 677 4794 mus
703 4741 777 4795 ab
805 4741 1102 4796 Perseniae
1130 4760 1217 4813 ep.
1254 4753 1312 4799 15
1341 4744 1525 4815 (Mig.
1553 4753 1675 4811 211,
1704 4750 1862 4817 630):
1916 4745 2116 4813 „Quid,
2142 4746 2399 4816 inquam,
2440 4750 2576 4802 sunt
2602 4749 2737 4803 illae
2765 4749 2995 4820 species,
3022 4750 3176 4803 color
