3538 5364
1592 324 1872 393 rejicitur.
2902 330 3031 395 663

593 509 658 573 2.
692 510 1060 569 Adversatur
1091 510 1399 569 chiliasmo
1434 527 1646 567 sensus
1679 509 1992 577 Ecclesiae,
2038 510 2103 566 in
2147 528 2270 583 qua
2319 508 2557 567 demum
2595 510 2929 585 praevaluit
2971 514 3034 568 et

401 603 526 675 jam
574 619 682 676 per
719 619 828 663 sec.
862 600 1001 658 XIII
1032 600 1206 675 plane
1239 599 1569 658 communis
1600 599 1755 657 facta
1786 603 1882 657 est
1913 599 2208 657 sententia
2240 598 2547 659 contraria.
2614 599 2897 667 Quamvis
2927 618 3031 658 au-

369 710 382 715 “
409 694 531 749 tem
565 708 683 748 non
716 689 917 747 desint
948 697 1144 764 patres
1175 706 1403 764 graves,
1452 688 1557 762 qui
1602 686 1815 762 primis
1850 688 2146 746 Ecclesiae
2180 687 2393 745 seculis
2424 687 2727 746 chiliasmo
2760 688 3030 754 faverint,

411 778 643 837 inducti
674 779 1026 837 auctoritate
1061 778 1338 853 Papiae
1370 777 1529 835 dicta
1560 776 1849 852 quaedam
1879 777 2198 835 Salvatoris
2231 780 2292 834 et
2323 776 2723 851 apostolorum
2756 778 2908 835 male
2939 778 3029 835 in·

410 867 760 944 telligentis,
809 886 926 926 non
972 870 1171 925 tamen
1205 865 1524 925 defuerunt
1546 867 1668 941 jam
1702 884 1769 924 eo
1811 869 2077 942 tempore
2109 865 2231 936 alii,
2280 866 2385 941 qui
2416 866 2507 923 illi
2537 883 2600 924 se
2644 866 3033 941 opposuerint

410 958 671 1016 testibus
705 956 1029 1015 Justino
1076 956 1114 1013 l.
1161 974 1209 1017 c.
1254 958 1314 1013 et
1343 955 1586 1013 Irenaeo
1618 954 1686 1024 V,
1731 962 1803 1016 31
1845 973 1903 1017 n.
1944 967 2009 1024 13
2067 963 2147 1018 33
2181 974 2239 1013 n.
2276 965 2344 1023 4;
2398 964 2476 1018 35
2530 974 2587 1013 n.
2630 968 2652 1018 1
2714 967 3032 1031 aperteque

410 1046 744 1122 rejecerint,
792 1049 863 1104 ut
910 1045 1340 1120 Dionysius
1387 1044 1550 1115 alex„
1597 1044 1814 1102 Romae
1848 1044 2078 1118 Cajus
2110 1045 2263 1103 teste
2294 1043 2552 1103 Eusebio
2584 1044 2657 1102 Η.
2689 1043 2755 1106 Ε.
2788 1043 2893 1112 111,
2929 1052 3029 1116 28,

413 1136 791 1212 Origenes
823 1134 894 1192 de
925 1133 1113 1209 princ.
1146 1133 1222 1202 11,
1264 1145 1332 1195 11
1374 1152 1432 1190 n.
1471 1141 1525 1203 2,
1580 1132 1739 1208 quod
1772 1132 1915 1191 adeo
1949 1136 2045 1191 est
2075 1152 2299 1203 verum,
2347 1137 2419 1191 ut
2463 1133 2738 1191 nonnulli
2769 1133 2842 1192 de
2873 1133 3032 1209 Apo-

412 1224 666 1299 calypsis
711 1223 1084 1299 genuinitate
1117 1222 1463 1280 dubitarent
1507 1226 1661 1279 teste
1709 1222 2089 1297 Dionysio
2137 1215 2322 1302 (apud
2356 1221 2803 1291 Eusebium,
2853 1222 2925 1280 H.
2971 1223 3032 1281 Τ.

415 1313 539 1384 VII,
577 1307 704 1392 25).
740 1312 897 1387 quod
931 1330 1001 1369 ea
1031 1311 1338 1370 videretur
1358 1310 1646 1369 chiliastis
1667 1310 1879 1369 favere.
1929 1312 2054 1369 Imo
2086 1311 2364 1369 nonnulli
2395 1330 2531 1370 eum
2562 1311 2908 1369 haeresibus
2939 1329 3033 1369 ac-

415 1404 657 1460 censent
688 1402 857 1459 nulla
885 1400 1045 1458 inter
1066 1400 1442 1459 chiliasmum
1463 1417 1724 1459 crassum
1756 1403 1820 1459 et
1850 1400 2134 1458 subtilem
2153 1400 2307 1458 facta
2326 1400 2731 1468 distinctione,
2764 1404 2835 1458 ut
2867 1401 2964 1457 Ph
2982 1401 3032 1457 i-

414 1490 782 1557 lastriuS,
831 1489 1280 1548 Gennadius
1326 1490 1398 1548 de
1443 1490 1644 1547 eccles,
1690 1488 1885 1564 dogm.
1919 1506 1965 1546 c.
2003 1499 2104 1555 55,
2153 1489 2696 1548 Theodoretus
2729 1489 2886 1552 haer.
2919 1488 3033 1547 fab.

412 1580 569 1650 VIII,
622 1589 655 1641 6
706 1579 813 1638 col.
858 1579 922 1636 in
952 1578 1048 1636 Ez.
1083 1589 1183 1646 48,
1223 1588 1300 1642 35
1337 1582 1397 1636 et
1439 1577 1933 1653 Nicephorus
1966 1578 2036 1640 H.
2072 1578 2133 1636 Ε.
2167 1578 2265 1649 VI,
2304 1587 2404 1640 21.
2466 1579 2519 1635 A
2565 1578 2764 1637 seculo
2796 1596 2935 1637 vero
2966 1578 3034 1639 V.

413 1668 661 1727 evanuit
692 1668 866 1743 plane
898 1667 1186 1725 chiliasmi
1217 1666 1438 1743 opinio,
1472 1671 1535 1726 et
1564 1666 1830 1743 theologi
1863 1667 2098 1725 scholae
2129 1685 2258 1725 eam
2289 1667 2602 1725 unanimes
2634 1666 2932 1743 rejiciunt,
2984 1668 3034 1725 si

412 1776 535 1816 non
566 1760 638 1815 ut
670 1756 971 1824 haeresim,
1007 1755 1203 1814 verbis
1236 1759 1432 1814 tamen
1464 1755 1744 1832 gravibus
1776 1758 1847 1814 ut
1876 1756 2223 1826 ThomaS,
2271 1756 2377 1831 qui
2423 1774 2553 1815 eam
2585 1756 2803 1815 tribuit
2832 1756 3034 1815 haere·

413 1841 630 1927 ticis1),
676 1849 738 1904 et
781 1840 1426 1925 Bonaventura2).
1492 1843 1572 1903 Cf.
1607 1845 2065 1903 Muzzarelli
2098 1844 2237 1904 diss.
2271 1845 2469 1904 select.
2505 1854 2575 1915 3;
2621 1845 3034 1904 Franzelin

416 1936 488 1994 de
519 1935 719 1999 tradit.
753 1935 836 1997 th.
880 1945 989 2003 Ιὸς
1025 1933 1407 2009 Stentrup
1438 1933 1523 1990 th.
1563 1944 1705 1995 151.

596 2059 737 2122 710.
771 2053 1297 2121 Demonstratio
1332 2073 1396 2137 p.
1428 2052 1532 2118 11.
1599 2050 1868 2115 Admitti
1914 2053 2136 2135 nequit
2177 2070 2444 2132 regnum
2477 2053 2903 2117 millenarium
2936 2052 3035 2117 vel

413 2161 777 2226 felicissima
808 2165 872 2225 et
903 2159 1239 2240 singularis
1271 2159 1591 2224 Ecclesiae
1640 2159 1919 2223 conditio
1965 2178 2081 2240 per
2126 2159 2312 2240 plura
2356 2159 2573 2223 secula
2619 2166 2771 2223 ante
2803 2177 3034 2223 secun-

414 2269 567 2333 dum
599 2267 831 2332 Christi
862 2266 1227 2330 adventum.
1291 2265 1419 2331 Lex
1466 2265 1637 2330 enim
1675 2267 1735 2333 1.
1771 2265 2151 2331 universalis
2185 2272 2316 2331 est:
2389 2266 2633 2347 OmneS,
2666 2268 2773 2350 qui
2797 2268 2907 2350 pie
2941 2286 3035 2329 vo-

416 2374 550 2435 lant
579 2374 777 2436 vivere
809 2375 874 2434 in
911 2371 1154 2435 Christo
1187 2371 1364 2445 Jesu,
1392 2372 1873 2457 persecutionem
1919 2372 2253 2454 patientur
2285 2378 2342 2440 2.
2376 2371 2532 2435 Tim.
2567 2377 2626 2448 3,
2666 2378 2778 2447 123
2825 2390 3035 2453 neque

417 2479 541 2543 alia
574 2480 695 2544 erit
726 2479 1006 2543 conditio
1038 2477 1364 2543 Ecclesiae
1397 2477 1728 2541 militantis
1761 2495 1874 2541 seu
1911 2478 2197 2559 corporis
2231 2477 2463 2542 Christi
2495 2479 2558 2540 in
2592 2479 2793 2555 terrie,
2842 2496 3037 2560 quam

415 2606 582 2669 quae
614 2586 730 2650 fuit
759 2586 942 2650 ducis
977 2592 1041 2650 et
1072 2585 1395 2672 capitis³);
1445 2602 1639 2667 quam
1672 2584 1755 2649 ob
1789 2603 1926 2649 rem
1959 2582 2249 2648 Christus
2281 2584 2560 2648 inculcat
2590 2584 3037 2666 abnegationis

415 2700 478 2759 et
500 2693 1010 2758 mortificationis
1043 2694 1495 2758 necessitatem
1516 2692 1739 2756 Matth.
1771 2699 1871 2768 10,
1892 2697 1977 2761 34
1998 2712 2113 2767 ss.;
2153 2696 2251 2768 16,
2275 2697 2361 2761 24
2379 2676 2461 2756 ss.
2483 2699 2623 2767 etc,
2653 2698 2718 2756 et
2736 2692 2815 2756 de
2835 2691 3037 2772 Paulo

414 2808 479 2864 et
511 2799 810 2863 Barnaba
840 2800 1108 2881 legimus
1140 2800 1276 2862 Act.
1319 2805 1415 2874 14,
1451 2805 1554 2875 21,
1601 2817 1716 2863 eos
1763 2797 1959 2864 fuisse
2011 2800 2449 2882 confirmantes
2482 2801 2734 2863 animas
2765 2799 3037 2883 discipu-

414 2906 619 2970 lorum
639 2905 1166 2990 exhortantesque,
1187 2913 1253 2967 ut
1269 2912 1712 2989 permanerent
1736 2908 1801 2969 in
1832 2907 1977 2990 fide,
2009 2913 2066 2969 et
2098 2908 2394 2990 quoniam
2416 2927 2537 2991 per
2567 2905 2798 2970 multas
2835 2905 3036 2968 tribu-

414 3013 671 3078 tationes
706 3020 938 3097 oportet
957 3033 1068 3076 nos
1088 3015 1332 3077 intrare
1363 3013 1433 3074 in
1466 3033 1726 3095 requam
1760 3012 2113 3077 coelorum:
2146 3032 2340 3096 quam
2371 3013 2578 3092 legem
2610 3012 3038 3076 universalem

415 3119 932 3201 suspendendam
967 3119 1539 3201 abrogandamque
1572 3137 1713 3184 esse
1745 3138 1861 3200 per
1896 3121 2081 3200 plura
2112 3120 2334 3186 secula
2365 3126 2517 3184 ante
2543 3119 2854 3200 judicium
2888 3119 3038 3184 ulti-

418 3246 612 3302 mum,
661 3227 877 3306 gratis,
925 3226 1055 3290 imo
1107 3232 1350 3291 temere
1401 3225 1771 3290 affirmatur.
1840 3225 1999 3290 Cum
2052 3245 2132 3291 ea
2183 3234 2400 3292 autem
2446 3225 2774 3290 conciliari
2819 3226 3040 3308 nequit

419 3333 779 3398 felicissima
809 3331 917 3396 illa
947 3333 1272 3397 Ecclesiae
1304 3331 1607 3408 conditi0,
1644 3350 1840 3413 quam
1865 3334 2155 3397 nonnulli
2176 3335 2515 3398 somniant.
2549 3333 2647 3397 Ad
2666 3333 2831 3397 haec
2849 3334 2915 3402 2.
2938 3333 3039 3397 vel

407 3439 563 3521 justi
596 3459 673 3505 eo
707 3446 995 3521 tempore
1028 3439 1292 3503 obnoxii
1340 3446 1528 3504 erunt
1577 3439 2141 3520 concupiscentiae
2173 3442 2533 3523 ceterisque
2565 3441 2814 3521 peccati
2847 3440 3038 3520 origi-

414 3547 580 3610 nalis
612 3544 888 3629 sequelis
922 3545 1021 3610 vel
1054 3545 1136 3609 ab
1168 3544 1288 3609 illis
1323 3552 1508 3610 erunt
1539 3546 1891 3609 immunes:
1937 3546 2063 3609 hoc
2099 3553 2357 3624 temere,
2389 3548 2518 3611 imo
2552 3546 2910 3628 periculose
2943 3545 3039 3609 af-

414 3653 783 3740 firmatur-¹).
848 3650 917 3716 Si
948 3671 1101 3717 vero
1136 3652 1412 3734 primum
1457 3653 1778 3727 statuitur,
1823 3671 1955 3715 non
2000 3653 2164 3717 adeo
2199 3653 2345 3718 felix
2378 3655 2498 3719 erit
2522 3654 2846 3734 justorum
2880 3671 3038 3716 con·

414 3759 593 3835 ditio,
625 3778 832 3842 neque
866 3759 1123 3825 aemula
1154 3760 1537 3825 conditionis
1570 3767 2108 3842 protoparentum
2141 3763 2206 3826 in
2225 3764 2549 3844 paradise,
2582 3770 2653 3826 ut
2683 3782 2814 3827 non
2845 3782 3038 3827 nemo

416 3885 494 3930 ex
546 3868 908 3933 contrariae
957 3868 1316 3933 sententiae
1365 3867 1652 3949 patronis
1699 3869 1894 3931 finxit.
1958 3867 2175 3947 Quare
2223 3869 2545 3934 Ecclesiae
2608 3870 2891 3933 conditio
2955 3869 3039 3932 ad

415 3974 608 4037 finem
640 3993 842 4056 usque
893 3974 1092 4038 seculi
1138 3979 1301 4039 teste
1336 3973 1592 4038 Christo
1624 3974 1846 4038 Matth.
1887 3981 1986 4053 13,
2019 3980 2106 4044 25
2140 3996 2222 4039 ss‚
2270 3977 2729 4058 complectetur
2760 3976 3038 4039 triticum

415 4087 481 4144 et
509 4080 776 4153 zizania,
807 4079 1014 4144 bonos
1064 4080 1431 4162 malosque;
1484 4099 1618 4144 non
1672 4080 1792 4145 erit
1842 4099 1992 4162 ergo
2048 4083 2213 4147 adeo
2263 4082 2409 4147 felix
2456 4083 2591 4164 ejus
2637 4082 2936 4158 conditi0,
2970 4089 3042 4145 ut

415 4188 611 4266 gratis
644 4186 968 4251 affirmant
999 4186 1371 4251 adversarii.

599 4326 741 4377 711.
774 4309 1145 4379 Scholion.
1212 4316 1298 4374 De
1329 4318 1664 4393 apocalypsi
1695 4337 1738 4380 c.
1775 4323 1879 4376 20.
1948 4320 2091 4378 Post
2124 4320 2402 4377 vaticinia
2433 4319 2721 4378 messiane.
2750 4319 2930 4377 nimis
2965 4319 3038 4376 ad

416 4405 651 4463 literam
698 4405 1000 4462 intellecta
1046 4400 1144 4488 (cf.
1177 4409 1219 4462 t.
1252 4405 1279 4461 Ι
1310 4425 1368 4468 n.
1406 4403 1514 4486 53)
1564 4407 1972 4483 praecipuum,
2020 4428 2137 4483 quo
2184 4409 2491 4466 chiliastae
2539 4409 2813 4479 utuntur,
2860 4427 3037 4485 argu·

639 4573 673 4626 ¹)
705 4567 769 4620 In
798 4574 846 4622 4.
875 4565 1006 4622 dist.
1033 4573 1103 4622 43
1130 4584 1183 4635 q.
1215 4572 1237 4620 l
1270 4584 1320 4619 a.
1348 4576 1381 4624 3
1409 4567 1553 4635 qcla.
1584 4576 1605 4621 1
1640 4568 1712 4620 ad
1739 4575 1791 4622 4.
2010 4572 2050 4638 ¹·)
2078 4571 2142 4621 In
2173 4568 2535 4637 Centiloquio
2565 4588 2618 4638 p.
2647 4577 2681 4623 4
2707 4586 2748 4620 s.
2775 4575 2825 4622 2.

632 4650 673 4717 ⁸)
702 4646 863 4700 Rom.
889 4654 940 4708 8,
972 4653 1036 4702 16
1063 4664 1162 4702 ss.:
1214 4647 1346 4702 Luc.
1377 4654 1408 4704 9
1434 4655 1504 4702 23
1531 4665 1604 4702 s.:
1637 4656 1717 4706 14.
1749 4654 1846 4706 27:
1899 4648 2103 4702 Matth.
2150 4657 2231 4713 10,
2262 4657 2345 4714 24,
2388 4650 2455 4702 de
2498 4666 2612 4718 qua
2640 4649 2763 4718 lege
2792 4650 2862 4704 cf.
2891 4649 3036 4718 Aug.

417 4726 623 4779 Thill
657 4728 717 4779 in
746 4727 920 4780 theol.
949 4730 1128 4795 praet.
1158 4725 1396 4791 Qtlschr.
1426 4727 1651 4798 (Lincii)
1685 4734 1839 4791 1891,
1867 4735 2132 4787 315—21.

630 4811 674 4876 ⁴)
703 4807 786 4861 Cf.
814 4824 969 4861 conc.
998 4807 1129 4859 trid.
1158 4823 1287 4865 sess.
1318 4818 1348 4863 5
1376 4825 1496 4863 can.
1528 4818 1576 4863 5.
