3538 5364
561 212 686 276 160
925 204 1108 257 Tract.
1138 203 1285 257 VIII.
1312 204 1381 257 de
1399 203 1830 272 justificatione.
1858 202 2058 256 Thesis
2084 200 2270 256 00111.
2291 202 2489 256 Gratia
2512 200 2807 255 reddimur

555 391 1114 450 Thomassinus
1166 390 1239 449 de
1286 390 1509 452 incarn.
1544 389 1700 459 vlu,
1746 400 1783 452 9
1820 409 1915 462 sa„
1966 394 2030 449 et
2078 393 2286 449 nostra
2334 391 2527 448 aetat-e
2576 384 2964 469 Jovene²):
3017 407 3171 463 quae

554 480 755 555 opinio
787 480 1076 539 illustrari
1109 480 1262 538 forte
1292 482 1494 555 posset
1522 479 1629 537 hac
1661 479 1923 537 ratione:
1956 478 2397 539 Censtituimur
2425 478 2537 536 filii
2568 477 2678 536 Dei
2708 477 3171 553 regeneratione.

552 569 637 627 De
668 569 898 627 ratione
946 587 1087 628 vero
1136 568 1540 645 generationis
1587 573 1681 626 est
1727 571 1978 626 naturae
2027 568 2510 627 communicatio:
2562 585 2699 625 cum
2743 583 2883 643 ergo
2930 566 3174 625 aliunde

555 662 804 727 constet,
836 676 945 716 nos
977 676 1181 716 revera
1214 657 1273 716 vi
1304 657 1776 734 regenerationis
1811 656 1979 716 reddi
2013 662 2261 717 naturae
2293 657 2534 716 divinae
2566 660 2886 724 consorteS,
2921 655 3172 730 partici-

554 766 657 822 pes
691 766 809 806 non
842 747 1037 805 80111111
1069 748 1492 805 charismatum
1525 746 1785 821 Spiritus
1817 764 1880 816 s.,
1916 745 2018 805 sed
2049 747 2241 822 ipsius
2276 745 2539 822 Spiritus
2571 746 2780 814 sancti,
2814 750 2885 803 ut
2916 763 3049 803 mox
3081 745 3173 803 vi·

554 836 857 895 dabimus:
891 836 1061 911 sequi
1093 835 1349 905 videtur,
1381 852 1491 893 nos
1522 836 1777 910 pleniori
1811 836 2021 894 saltem
2056 854 2240 894 sensu
2283 835 2451 893 reddi
2498 835 2652 894 filios
2685 834 2792 893 Dei
2842 834 3171 909 adoptivos,

554 928 851 1001 quatenus
883 926 1330 1001 regeneratione
1360 924 1426 983 in
1456 943 1564 983 nos
1595 926 1817 984 transit
1848 925 2105 1000 Spiritus
2139 923 2506 998 adoptantis:
2553 924 2698 982 adeo
2727 926 2801 981 ut
2832 922 3172 998 adoptatus,

554 1014 821 1090 quamvis
853 1032 971 1073 non
1003 1014 1366 1073 naturaliter
1395 1015 1694 1089 possideat
1727 1018 2000 1072 naturam
2034 1013 2374 1090 adoptantis
2425 1013 2596 1091 (tunc
2626 1013 2785 1071 enim
2817 1015 2977 1070 esset
3008 1012 3173 1072 filius

551 1096 890 1185 naturalis),
927 1102 1462 1179 supernaturaliter
1492 1103 1653 1161 illam
1686 1103 2018 1178 participet.
2055 1103 2217 1162 Unde
2249 1103 2624 1162 nobilissima
2653 1102 2770 1160 erit
2801 1101 2941 1159 haec
2957 1101 3173 1159 filiatio

552 1191 849 1267 adoptiva,
883 1193 1116 1251 aemula
1145 1190 1450 1250 filiationis
1483 1192 1791 1258 naturalis,
1827 1192 2127 1251 filiationis
2157 1192 2475 1267 adoptivae
2505 1192 2699 1268 gratia
2719 1190 3174 1267 justificationis

550 1281 896 1340 inhaerente
925 1281 1041 1357 jam
1075 1279 1323 1339 collatae
1353 1280 1786 1340 consummatio
1831 1284 1892 1339 et
1920 1280 2232 1358 fastigium
2255 1283 2432 1357 juxta
2463 1281 2633 1340 Pauli
2664 1280 2849 1339 verba
2878 1279 3002 1338 Gal.
3037 1289 3096 1349 4,
3132 1288 3171 1341 4

554 1365 638 1453 (n.
680 1367 850 1450 175).

730 1473 794 1543 2.
826 1476 1164 1547 Quaeritur,
1199 1496 1339 1534 num
1356 1478 1513 1552 justi
1559 1476 1615 1535 V.
1657 1477 1717 1535 T.
1754 1479 1975 1552 fuerim
2003 1478 2117 1551 filii
2148 1478 2272 1536 Dei.
2305 1477 2519 1536 Merito
2541 1477 2601 1535 id
2623 1476 2875 1535 affirmat
2910 1476 3171 1534 Suarez

552 1567 616 1625 in
652 1575 686 1629 3
723 1586 779 1641 q.
817 1575 894 1629 23
930 1586 982 1629 a.
1019 1576 1087 1629 3:
1134 1585 1340 1625 verum
1386 1566 1563 1624 simul
1608 1569 1779 1624 notat
1810 1582 1872 1631 a.
1906 1586 2004 1626 eos
2039 1566 2224 1626 fuisse
2255 1567 2410 1625 filios
2446 1566 2553 1625 Dei
2601 1586 2720 1625 non
2754 1565 2814 1623 vi
2846 1564 2914 1623 V.
2946 1565 3028 1633 Τ..
3063 1566 3167 1623 sed

553 1659 848 1732 quatenus
879 1654 1011 1724 fide,
1045 1673 1146 1731 spe
1178 1659 1239 1713 et
1270 1656 1515 1713 caritate
1552 1657 1676 1731 jam
1711 1654 1786 1714 ad
1832 1675 2053 1715 novum
2087 1657 2448 1731 spectabant.
2483 1656 2750 1725 ,Deinde
2782 1652 2855 1718 b.
2889 1653 2980 1712 illi
3010 1654 3168 1711 anti-

554 1744 659 1818 qui
683 1744 855 1818 justi,
890 1744 1030 1802 licet
1061 1762 1198 1803 vere
1229 1750 1430 1803 essent
1460 1744 1587 1813 filii,
1633 1747 1834 1803 tamen
1879 1765 1999 1804 non
2047 1746 2347 1804 habebant
2396 1749 2685 1804 statum
2736 1744 3015 1810 filiorum,
3065 1743 3169 1801 sed

553 1851 880 1903 servorum,
914 1833 1058 1908 quia
1087 1836 1259 1892 erant
1290 1834 1404 1892 sub
1434 1834 1566 1910 lege
1599 1838 1661 1892 et
1693 1834 1916 1909 spiritu
1948 1835 2182 1895 timoris
2204 1834 2591 1905 ducebantur,
2625 1834 2785 1892 unde
2816 1838 2986 1891 erant
3014 1834 3169 1890 tam·

550 1940 735 1998 quam
764 1923 1072 1997 parvulus,
1105 1922 1211 1997 qui
1240 1922 1527 1998 quamdiu
1557 1923 1669 1981 sub
1714 1924 2017 1985 actoribus
2067 1926 2129 1983 et
2175 1922 2482 1982 tutoribus
2533 1928 2642 1993 est,
2692 1923 2844 1981 1111111
2890 1922 3090 1979 differt
3136 1941 3172 1978 a

553 2028 727 2070 servo
767 2006 919 2091 (Gal.
955 2019 1011 2081 4,
1048 2004 1131 2092 2).
1165 2011 1432 2086 Denique
1465 2026 1526 2076 (3.
1557 2031 1666 2088 pro
1698 2012 1804 2070 1110
1836 2017 1999 2072 statu
2031 2013 2310 2072 carebant
2339 2012 2703 2088 perfectione
2734 2011 2976 2089 gloriae,
3009 2010 3170 2068 unde

550 2119 671 2158 non
702 2103 977 2175 poterant
1006 2099 1167 2159 adire
1199 2100 1518 2177 perfectam
1565 2100 1972 2171 hereditatem,
2020 2103 2204 2161 donec
2236 2101 2502 2160 Christus
2544 2101 2793 2161 veniret.
2856 2100 2999 2158 Erat
3029 2118 3170 2175 ergo

552 2188 657 2248 illa
686 2189 925 2264 adoptio
958 2208 1113 2259 vera,
1146 2189 1247 2249 sed
1278 2189 1677 2265 imperfecta!1

727 2292 791 2360 3.
824 2294 1163 2368 Quaeritur,
1209 2297 1478 2372 possitne
1510 2297 1669 2355 Deus
1714 2297 1975 2373 aliquem
2022 2297 2301 2373 adoptare
2349 2298 2414 2356 in
2460 2297 2652 2357 filium
2685 2296 2909 2371 absque
2939 2297 3168 2374 gratiae

551 2384 974 2445 sanctificantis
1004 2385 1322 2447 infusione.
1387 2385 1671 2445 Suarez
1715 2387 1787 2445 de
1832 2406 1920 2464 gr.
1951 2386 2079 2457 VII,
2115 2397 2149 2450 3
2198 2388 2260 2446 id
2305 2390 2614 2462 utcunque
2663 2386 2790 2445 fieri
2821 2404 2997 2461 posse
3027 2403 3168 2444 con·

549 2474 735 2543 cedit:
768 2474 841 2534 de
876 2477 1026 2533 facto
1075 2480 1275 2533 tamen
1307 2493 1426 2533 non
1470 2475 1600 2534 fieri
1644 2478 1825 2551 atque
1871 2476 2032 2535 hunc
2077 2475 2397 2552 adoptandi
2442 2475 2683 2534 modum
2729 2475 2931 2534 minus
2963 2493 3167 2533 rerum

548 2563 953 2639 congruentiis
985 2565 1047 2622 et
1076 2564 1364 2641 analogiis
1396 2564 1726 2623 convenire.
1791 2565 1870 2624 cf.
1905 2567 2252 2625 Becanus
2284 2584 2332 2628 c.
2373 2575 2449 2628 18
2482 2585 2540 2641 p.
2576 2574 2630 2626 2.
2669 2574 2724 2628 3.

734 2700 875 2754 191.
907 2682 1264 2753 Scholion
1299 2685 1401 2753 II.
1464 2690 1553 2747 De
1594 2691 1854 2765 filiorum
1889 2708 2064 2765 pane.
2093 2724 2187 2736 --
2218 2691 2279 2752 Si
2313 2685 2377 2753 1.
2414 2692 2571 2750 Deus
2620 2694 2712 2750 est
2743 2691 2920 2749 Pater
2950 2693 3167 2758 noster,

548 2779 735 2853 patris
768 2784 965 2838 autem
999 2783 1094 2837 est
1122 2778 1263 2836 filiis
1295 2779 1607 2853 providere
1639 2799 1870 2853 panem,
1918 2780 2178 2856 profecto
2224 2783 2285 2840 et
2328 2780 2471 2839 filiis
2518 2780 2645 2838 suis
2679 2781 2852 2839 Pater
2895 2779 3166 2839 coelestis

544 2886 759 2944 panem
809 2868 1172 2944 condignum
1224 2867 1576 2942 providebit.
1640 2869 1791 2927 Eum
1843 2887 1985 2928 sane
2035 2869 2279 2944 praebet
2327 2870 2393 2928 in
2455 2870 2834 2932 eucharistia.
2892 2867 3062 2940 Quod
3112 2869 3162 2927 si

548 2953 612 3021 2.
641 2958 850 3015 tantus
883 2963 971 3014 est
1005 2955 1192 3031 paniS,
1226 2960 1483 3030 quantae
1515 2957 1896 3016 excellentiae
1941 2959 2056 3017 erit
2084 2958 2213 3018 vita
2255 2959 2501 3036 gratiae,
2534 2977 2686 3034 quae
2717 2958 2822 3017 illo
2851 2976 3164 3017 conserva·

547 3049 667 3114 tur,
702 3048 1095 3116 sustentatur,
1128 3044 1408 3103 fovetur?
1457 3046 1553 3104 Sic
1584 3053 1796 3106 mutuo
1828 3048 2099 3106 illustrat
2126 3051 2190 3106 et
2219 3047 2447 3124 gratiae
2481 3047 2841 3122 praestantia
2872 3046 3164 3106 excellen-

548 3134 694 3192 tiam
726 3134 1131 3202 eucharistiae,
1180 3139 1241 3192 et
1271 3134 1455 3210 hujus
1488 3135 1749 3212 dignitas
1782 3137 1948 3196 illius
1981 3138 2259 3211 pretium.
2308 3136 2478 3195 Sicut
2508 3132 2572 3199 3.
2604 3137 2968 3212 praestantia
2997 3137 3165 3193 illius

547 3223 719 3298 panis
752 3231 844 3281 est
874 3222 1213 3292 invisibilis,
1249 3241 1530 3283 sensuum
1556 3224 1782 3299 judicio
1813 3245 1931 3284 non
1967 3225 2347 3295 aestimanda,
2380 3225 2482 3284 sed
2506 3226 2615 3284 fide
2634 3229 2873 3283 tantum
2893 3226 3166 3302 cognita:

548 3313 633 3370 ita
665 3314 726 3369 et
756 3312 881 3370 vita
928 3311 1156 3388 gratiae
1203 3330 1356 3386 quae
1401 3313 1744 3374 infunditur
1787 3314 1850 3372 in
1889 3315 2334 3390 justificatione.
2383 3333 2504 3373 non
2555 3314 2828 3373 sensibus
2860 3317 2955 3372 est
2985 3313 3165 3372 aesti-

546 3399 780 3473 manda,
834 3401 1021 3459 oculis
1071 3420 1190 3460 non
1239 3407 1565 3479 usurpatur
1613 3403 1847 3481 (saltem
1899 3403 1963 3462 in
2013 3422 2075 3463 86
2126 3410 2186 3463 et
2217 3398 2603 3485 immediate),
2635 3403 2772 3462 fidei
2801 3405 3044 3462 tantum
3076 3405 3169 3461 est

545 3489 766 3565 pervia.
828 3489 905 3547 Et
937 3490 1094 3548 sicut
1137 3487 1202 3554 4.
1247 3492 1499 3551 mutatio
1532 3493 1699 3567 panis
1747 3493 1811 3551 in
1844 3492 2065 3552 Christi
2109 3512 2324 3567 corpus
2369 3498 2459 3551 est
2501 3493 2751 3551 interior
2783 3492 3167 3551 manentibus

548 3584 748 3636 tamen
782 3579 1124 3656 speciebus:
1157 3580 1244 3638 ita
1273 3582 1398 3639 licet
1430 3583 1498 3657 is,
1534 3583 1637 3658 qui
1663 3582 1819 3655 foris
1849 3590 1947 3651 est,
1983 3590 2174 3641 noster
2202 3583 2366 3641 homo
2395 3589 2832 3658 corrumpatur,
2866 3590 3058 3640 tamen
3089 3583 3161 3656 is,

548 3668 649 3744 qui
679 3669 836 3727 inm«
866 3676 966 3742 est,
999 3677 1311 3728 renovatur
1340 3672 1412 3729 de
1442 3672 1536 3729 die
1565 3673 1628 3729 in
1658 3673 1811 3729 diem
1845 3681 1901 3733 2.
1935 3671 2060 3732 Cor.
2089 3681 2144 3738 4,
2178 3683 2272 3735 16.
2305 3672 2385 3731 cf.
2419 3670 2960 3748 chrysologus
2992 3689 3038 3730 s.
3062 3680 3165 3733 67.

553 3765 662 3822 72:
697 3757 1086 3818 Scheeben
1120 3758 1314 3817 Herrl.
1350 3760 1456 3818 der
1487 3780 1541 3835 g.
1577 3760 1779 3818 Gnade
1810 3760 1886 3831 II,
1926 3770 1997 3832 63
2032 3761 2358 3838 Mysterien
2390 3757 2421 3826 ἓ
2459 3770 2560 3825 71.

732 3891 872 3943 192.
906 3880 989 3939 Ex
1020 3883 1247 3960 gratiae
1269 3883 1663 3959 justificantis
1695 3885 2123 3962 praerogativa,
2178 3905 2297 3960 qua
2326 3904 2434 3944 nos
2467 3884 2666 3944 reddit
2693 3885 2851 3943 filios
2881 3884 2988 3943 Dei
3021 3882 3162 3942 ado-

546 3968 760 4043 ptivos,
794 3972 1180 4047 consequitur
1210 3976 1272 4031 et
1302 3973 1524 4044 altera:
1556 3992 1694 4031 nam
1726 3977 1882 4032 teste
1916 3974 2098 4033 Paulo
2131 3974 2256 4036 Gal.
2293 3985 2350 4046 4,
2392 3986 2424 4038 7
2450 3995 2465 4045 ς
2496 3975 2662 4032 Rom.
2700 3985 2755 4043 8,
2800 3984 2907 4037 17:
2960 3975 3027 4033 Si
3053 3975 3167 4048 filii

548 4051 809 4138 (sumus)
844 4068 893 4117 et
923 4060 1186 4121 heredes:
1217 4063 1450 4121 heredes
1479 4063 1708 4138 quidem
1740 4063 1871 4137 Dei,
1906 4065 2204 4122 coheredes
2233 4072 2427 4122 autem
2460 4064 2692 4122 Christi.
2755 4063 3166 4123 Controversia

546 4165 685 4205 vero
716 4152 810 4206 est
839 4149 998 4207 inter
1027 4150 1333 4228 theologos
1363 4151 1436 4210 de
1459 4153 1484 4227 j
1504 4170 1657 4224 ure,
1701 4170 1821 4226 quo
1867 4154 2183 4228 potiuntur
2205 4153 2358 4228 justi
2389 4153 2451 4211 vi
2482 4154 2708 4228 gratiae
2741 4152 3166 4210 sanctificantis

768 4356 804 4428 ¹)
832 4357 896 4407 In
921 4356 1068 4410 libro
1096 4374 1257 4410 mser.
1285 4357 1379 4412 cui
1404 4357 1608 4414 titulus
1638 4353 1739 4417 ..de
1767 4357 1888 4412 vita
1915 4358 2231 4421 deiformi,“
2261 4356 2323 4412 in
2341 4375 2456 4426 quo
2479 4358 2601 4412 fuse
2622 4357 2832 4412 nititur
2856 4358 3007 4411 hanc
3033 4356 3163 4411 illu·

546 4438 722 4488 s‘trare
749 4435 1111 4501 sententiam,
1136 4439 1312 4506 atque
1333 4455 1450 4493 non
1471 4439 1653 4492 solum
1671 4439 1743 4492 ad
1767 4442 1998 4509 patrum
2019 4455 2352 4508 graecorum
2370 4439 2716 4500 testimo.1ia.
2743 4439 2840 4494 sed
2868 4438 2941 4492 ad
2970 4437 3162 4509 ipsum

546 4530 588 4566 s.
614 4513 956 4570 Thomam
984 4515 1047 4569 in
1074 4524 1107 4573 3
1133 4517 1361 4574 dist.10
1387 4536 1443 4587 q.
1470 4526 1501 4574 2
1527 4520 1774 4587 a.1qcl.
1802 4526 1835 4576 3
1862 4520 1921 4572 et
1945 4518 2459 4572 Alexandrum
2485 4519 2598 4577 hal.
2627 4534 2883 4573 summae
2909 4517 3084 4573 theol.
3112 4525 3161 4574 3.

545 4609 600 4662 p.
629 4611 684 4662 q.
711 4601 773 4652 61
803 4614 877 4649 m.
905 4603 939 4653 3
964 4613 1013 4653 a.
1043 4605 1074 4652 2
1100 4600 1159 4650 et
1183 4596 1254 4651 ad
1286 4600 1437 4652 haud
1466 4615 1679 4669 paucos
1705 4598 2005 4669 theologos
2032 4615 2233 4669 graves
2259 4598 2600 4653 recentiores
2627 4601 2917 4671 provocat.
2967 4601 3050 4653 cf.
3077 4599 3162 4652 in·

545 4675 633 4727 fra
658 4693 712 4729 n.
741 4683 862 4733 200.
