3538 5364
857 274 1055 327 Thesis
1083 274 1267 328 ccxl.
1294 274 1553 328 Christus
1581 277 1668 328 est
1691 280 1893 329 auctor
1927 278 2424 330 sacramentorum.
2817 280 2947 348 249

327 463 528 537 tangat
557 463 623 518 et
654 478 755 519 cor
785 460 1031 518 abluat?
1063 462 1124 518 et
1152 459 1498 535 respondet:
1536 461 1711 530 ,Nisi
1744 460 1993 520 faciente
2025 462 2221 531 verbo,
2254 481 2374 521 non
2407 463 2549 537 quia
2570 462 2807 532 dicitur,
2842 461 2946 520 sed

327 549 465 625 quia
495 549 837 620 creditur3‘
871 567 931 608 se
963 549 1161 625 ipsum
1193 549 1447 625 explicat
1478 550 1832 626 subjiciens:
1878 551 2069 618 ,Nam
2104 559 2165 610 et
2193 551 2256 609 in
2289 552 2414 627 ipso
2446 552 2607 610 aliud
2639 557 2732 610 est
2762 568 2947 609 sonus

327 638 639 707 transiens,
676 638 840 698 aliud
871 638 1066 697 virtus
1097 647 1403 697 manens.‘
1469 640 1664 716 Negat
1694 640 1820 698 scil.
1854 640 2037 699 verbo
2071 641 2220 700 hanc
2251 645 2580 716 competere
2610 640 2944 709 efficaciam,

324 731 621 802 quatenus
652 728 982 804 percipitur
1010 727 1257 786 auribus
1287 730 1347 786 et
1378 746 1559 786 sonus
1592 731 1683 787 est
1712 729 1883 798 aeris,
1916 729 2018 788 sed
2050 730 2214 787 illam
2240 730 2501 789 vindicet
2518 730 2700 789 verbo
2717 729 2947 789 ratione

326 817 567 876 virtutis
600 818 716 875 sub
746 817 851 875 illo
899 817 1141 875 latentis
1185 820 1248 875 et
1293 835 1399 892 per
1444 816 1595 876 illud
1643 821 1947 893 tamquam
1975 837 2083 894 per
2114 818 2363 878 formam
2395 837 2457 878 se
2488 818 2947 889 manifestantis,

324 924 480 981 quae
513 924 634 964 non
667 906 961 975 sensibus,
1009 905 1110 964 sed
1143 905 1257 964 fide
1289 906 1631 982 percipitur,
1681 926 1952 983 quaeque
1984 908 2103 967 vim
2138 926 2303 968 suam
2337 927 2453 967 non
2485 909 2707 968 exserit
2737 909 2853 967 nisi
2885 910 2950 967 in

327 997 585 1053 animam
617 996 974 1064 credentem,
1009 995 1061 1053 si
1092 994 1485 1072 baptizandus
1516 1000 1607 1054 est
1637 996 1898 1058 adultus.

504 1120 655 1183 284.
689 1115 862 1179 Haec
893 1113 1213 1178 sufficiant
1260 1114 1341 1179 de
1393 1123 1951 1180 sacramentorum
1994 1118 2269 1182 materia
2311 1125 2374 1182 et
2405 1118 2627 1181 forma.
2688 1119 2830 1183 Jam
2867 1119 2947 1182 ad

330 1224 682 1288 eorundem
714 1222 1100 1289 accedamus
1134 1230 1561 1289 auctorem
1597 1230 1662 1288 et
1694 1224 2198 1289 ministrum:
2244 1226 2468 1307 quain
2500 1243 2570 1290 re
2603 1225 2949 1289 tenendum

332 1338 443 1403 est,
478 1330 613 1394 Deo
645 1338 1009 1412 competere
1040 1337 1428 1412 potestatem
1480 1333 2049 1409 auctoritatiS,
2101 1332 2352 1397 Christo
2385 1338 2771 1414 potestatem
2824 1351 2950 1395 ex-

332 1460 365 1497 t·
382 1436 542 1502 elle
559 1438 678 1500 nti
695 1455 736 1500 a
751 1456 804 1502 e.
835 1438 1158 1503 Ecclesiae
1178 1439 1628 1504 auctoritatem
1652 1439 2084 1521 dispensandi,
2106 1440 2409 1503 ministris
2428 1439 2696 1520 simplex
2728 1439 2950 1502 minis-

331 1543 576 1607 terium.
642 1542 903 1608 Potiora
934 1544 1015 1607 de
1048 1545 1174 1608 hoc
1206 1552 1588 1626 argumento
1623 1546 1869 1628 aliquot
1901 1546 2356 1611 illustrabimus
2390 1545 2691 1609 thesibus.

507 1690 655 1754 285.
690 1685 943 1753 'rhesis
980 1685 1221 1756 CCXI.
1298 1708 1617 1761 Christus
1687 1710 1900 1763 «Iesus
1961 1712 2274 1763 omnium
2339 1714 2945 1763 sacramentorum

335 1798 413 1849 X.
455 1798 533 1849 L.
570 1802 668 1850 est
706 1801 976 1863 auctor,
1015 1802 1080 1851 et
1116 1799 1400 1865 quidem
1456 1812 1599 1852 non
1636 1803 1918 1852 tantum
1975 1801 2360 1854 mediate
2414 1804 2479 1853 et
2528 1801 2950 1854 aventer-itate

329 1887 663 1952 apostolis
701 1900 1045 1952 concessa,
1081 1889 1204 1942 sed
1242 1889 1354 1940 im
1378 1902 1442 1941 m
1466 1889 1760 1942 caune
1800 1893 1864 1942 et
1897 1902 2030 1954 per
2062 1902 2227 1943 sese.

506 2009 946 2077 Declaratlo.
995 2006 1200 2071 Deum
1232 2007 1440 2071 solum
1473 2027 1616 2073 esse
1650 2009 1999 2090 principem
2032 2015 2587 2072 sacramentorum
2619 2016 2951 2072 auctorem

331 2117 714 2182 auctoritate
747 2134 1009 2198 prorsus
1041 2115 1511 2197 independente
1559 2125 1623 2180 et
1670 2135 1709 2180 a
1758 2135 1887 2198 qua
1918 2116 2125 2179 omnis
2160 2116 2286 2179 alia
2316 2114 2554 2196 pendet
2586 2115 2950 2189 auctoritas

330 2243 442 2306 per
472 2244 543 2287 se
575 2231 770 2305 patet.
832 2221 938 2286 llle
973 2224 1142 2287 enim
1177 2222 1353 2286 solus
1387 2242 1530 2287 esse
1561 2230 1779 2306 potest
1811 2231 2038 2287 auctor
2081 2229 2633 2286 sacramentorum
2669 2221 2950 2285 auctori·

339 2338 464 2397 tate
497 2348 817 2412 suprema,
853 2330 1035 2410 cujus
1069 2337 1167 2395 est
1189 2330 1334 2412 jure
1367 2331 1627 2412 proprio
1662 2337 1725 2395 et
1746 2348 1878 2393 non
1900 2329 2189 2394 derivato
2210 2347 2326 2411 pro
2349 2336 2508 2393 nutu
2529 2329 2799 2409 gratiam
2820 2329 2950 2391 dis-

331 2438 626 2513 tribuere,
677 2444 946 2518 peccata
995 2438 1334 2511 remittere,
1387 2438 1449 2501 in
1497 2437 1610 2502 Dei
1661 2438 1972 2518 adoptare
2022 2436 2200 2500 filios.
2263 2435 2379 2498 Hic
2428 2454 2582 2499 vero
2634 2444 2732 2500 est
2781 2433 2950 2499 Deus

337 2552 603 2609 tantum.
669 2545 799 2609 Etsi
849 2551 1068 2608 autem
1100 2544 1352 2609 Christo
1402 2544 1665 2619 homini,
1717 2561 1846 2626 qua
1896 2543 2093 2606 homo
2128 2549 2243 2616 est,
2292 2542 2437 2606 talis
2481 2559 2614 2605 non
2645 2542 2950 2623 competit

334 2653 707 2728 auctoritas,
729 2652 787 2717 ei
806 2658 1025 2717 tamen
1057 2650 1258 2717 relate
1281 2651 1363 2715 ad
1386 2659 1795 2717 sacramenta
1828 2649 2144 2732 eiusmodi
2166 2647 2503 2714 tribuenda
2523 2654 2623 2714 est
2644 2654 2950 2730 potestas,

335 2778 495 2841 quae
526 2760 719 2839 longe
740 2757 1014 2824 excellat
1032 2757 1372 2839 quuslibet
1391 2765 1728 2823 creaturae
1751 2764 2160 2839 potestatem,
2182 2774 2377 2840 quam
2396 2762 2737 2838 propterea
2758 2756 2951 2821 etiam

335 2866 614 2946 theologi
645 2872 1034 2949 potestatem
1084 2864 1649 2931 excellentiae
1700 2865 2040 2946 appellant
2105 2862 2276 2929 Sane
2308 2871 2552 2929 certum
2586 2869 2700 2938 est,
2734 2862 2952 2927 Chris-

338 2981 465 3038 tum
497 2991 645 3037 esse
677 2973 962 3036 omnium
995 2972 1328 3036 hominum
1360 2972 1854 3053 redemptorem,
1906 2972 2013 3053 qui
2045 2989 2164 3053 pro
2196 2971 2476 3052 peccatis
2508 2971 2702 3035 totius
2733 2971 2951 3035 mundi

333 3080 696 3160 plenissime
727 3077 1034 3144 satisfecit
1083 3081 1488 3161 gratiamque
1539 3079 1726 3143 nobis
1779 3079 2165 3162 promeruit:
2214 3077 2425 3159 ipsum
2459 3097 2602 3143 esse
2633 3078 2953 3144 Ecclesiae

331 3193 538 3268 (aput
573 3205 609 3250 e
642 3203 772 3268 quo
805 3186 1012 3249 omnis
1044 3187 1254 3266 gratia
1285 3185 1577 3250 dimanat
1623 3187 1687 3249 in
1738 3185 2032 3250 membra
2062 3184 2244 3250 Joan.
2287 3190 2343 3259 1,
2381 3191 2493 3254 16:
2556 3185 2654 3249 De
2680 3185 2952 3271 plenitu-

332 3294 476 3356 dine
506 3295 646 3375 ejus
677 3312 883 3356 omnes
915 3312 1026 3356 nos
1058 3294 1426 3377 accepimus,
1458 3301 1513 3356 et
1540 3294 1821 3378 qratiam
1864 3314 1985 3379 pro
2010 3295 2227 3376 qratia
2276 3293 2342 3378 (t.
2376 3292 2415 3355 Ι.
2449 3311 2507 3356 n.
2543 3294 2732 3380 208);
2777 3312 2954 3357 sum-

333 3418 506 3463 mum
539 3397 966 3476 sacerdotem,
998 3418 1382 3481 sponsorem
1416 3406 1478 3464 et
1512 3399 1939 3464 mediatorem
1972 3398 2044 3462 N.
2079 3398 2145 3461 T.
2181 3399 2365 3481 eique
2398 3401 2616 3464 datam
2638 3419 2781 3465 esse
2812 3419 2952 3464 om-

333 3524 478 3570 nem
507 3511 901 3587 potestatem
952 3507 1016 3569 in
1068 3507 1249 3572 coelo
1304 3513 1367 3571 et
1418 3507 1480 3570 in
1535 3515 1725 3583 terra,
1756 3506 2137 3588 praesertim
2190 3506 2254 3569 in
2288 3506 2618 3570 hominum
2649 3508 2954 3571 salutem:

335 3614 605 3696 ideoque
638 3613 722 3676 ab
754 3613 894 3695 ipso
927 3613 1207 3695 pendere
1239 3615 1618 3678 meritorum
1650 3632 1918 3677 suorum
1941 3612 2455 3694 applicationem,
2476 3614 2738 3694 gratiae,
2760 3632 2954 3695 quam

334 3723 465 3802 ipse
495 3722 871 3803 promeruit,
916 3721 1430 3786 distributionem
1475 3721 2015 3803 collationemque
2059 3739 2176 3801 per
2223 3720 2453 3794 media,
2503 3737 2670 3802 quae
2701 3720 2955 3783 nonnisi

336 3828 469 3909 ejus
502 3829 764 3894 nomine
796 3835 859 3893 et
891 3830 1276 3893 auctoritate
1309 3829 1859 3893 administrantur.
1893 3828 2114 3893 Matth.
2137 3835 2240 3904 28,
2270 3834 2345 3898 18
2368 3848 2448 3892 s.:
2480 3827 2655 3892 Data
2691 3834 2776 3891 est
2804 3827 2956 3890 milti

336 3937 532 3999 omnis
549 3942 831 4018 potestas
865 3938 931 4000 in
961 3938 1122 4000 coelo
1154 3943 1208 4000 et
1237 3938 1307 4000 in
1338 3943 1512 4000 terra
1532 3959 1553 3998 .·
1600 3943 1813 4000 euntes
1858 3957 2000 4021 erqo
2033 3936 2237 4000 docete
2283 3955 2490 4000 omnes
2515 3943 2724 4019 yentes
2755 3932 2953 4019 bapti-

333 4051 546 4107 zantes
574 4062 711 4124 eos;
743 4047 802 4109 2.
835 4041 978 4107 Cor.
1011 4047 1071 4119 5,
1111 4049 1186 4111 la
1222 4063 1341 4107 ss:
1399 4044 1623 4107 Omnia
1657 4065 1733 4106 ex
1763 4043 1919 4124 Deo,
1950 4045 2058 4129 qui
2109 4064 2219 4106 nos
2250 4043 2666 4107 reconciliavit
2697 4041 2814 4105 sibi
2836 4061 2957 4125 per

342 4147 677 4233 Christum,
707 4157 763 4213 et
796 4150 964 4215 dedit
996 4150 1170 4214 nobis
1200 4152 1619 4214 ministerium
1653 4151 2174 4216 reconciliationis
2207 4201 2219 4214 .
2255 4201 2267 4214 .
2302 4198 2315 4211 .
2378 4150 2506 4214 Pro
2539 4148 2781 4212 Christo
2812 4169 2956 4232 erqo

342 4256 644 4340 leqatione
672 4257 1020 4342 funyimur.
1085 4257 1172 4322 Cf.
1205 4258 1301 4323 Jo.
1342 4265 1395 4334 1,
1430 4262 1549 4332 333
1584 4263 1689 4334 20,
1723 4264 1842 4334 213
1874 4258 2010 4322 Act.
2044 4263 2105 4332 4,
2143 4264 2252 4333 123
2284 4256 2437 4338 Eph.
2469 4262 2530 4332 4,
2569 4261 2650 4325 15
2682 4275 2729 4318 S.
2763 4262 2881 4321 etc.

513 4386 727 4446 Merito
758 4387 896 4446 hinc
936 4387 1171 4464 colligit
1215 4407 1259 4446 s.
1305 4388 1531 4447 Thom
1551 4406 1629 4446 as
1668 4398 1702 4450 3
1737 4407 1792 4463 p.
1827 4406 1883 4463 q.
1919 4396 1999 4448 64
2033 4407 2081 4448 a.
2118 4396 2153 4449 3
2187 4388 2545 4462 potestatem
2575 4384 2954 4445 excellentiae

337 4475 663 4535 consistere
694 4475 758 4534 in
789 4479 1079 4553 quatuor:
1129 4477 1423 4545 ,Primo
1470 4476 1710 4552 quidem
1742 4478 1807 4534 in
1838 4475 1963 4546 hoc,
1996 4475 2155 4551 quod
2188 4475 2467 4534 meritum
2501 4477 2562 4532 et
2596 4475 2788 4533 virtus
2818 4492 2955 4549 pas-

337 4565 516 4625 sionis
536 4564 756 4624 Christi
785 4569 1069 4641 operatur
1098 4567 1162 4624 in
1193 4566 1593 4628 sacramentis,
1643 4566 1719 4623 Et
1751 4566 1891 4640 quia
1924 4564 2116 4622 virtus
2137 4563 2431 4639 passionis
2452 4565 2768 4639 copulatur
2787 4563 2956 4621 nobis

338 4673 441 4729 per
471 4653 668 4730 fidem,
704 4654 1033 4714 secundum
1062 4655 1213 4714 illud
1249 4657 1322 4714 ad
1357 4656 1517 4715 Rom.
1555 4665 1624 4717 3:
1666 4655 1843 4726 Quem
1872 4655 2174 4733 proposuit
2192 4653 2352 4710 Deus
2375 4653 2821 4728 propitiatorem
2844 4668 2957 4724 per

338 4743 508 4815 fidem
551 4745 614 4802 in
659 4746 939 4821 sanquine
982 4747 1190 4820 ipsine,
1236 4763 1415 4819 quam
1447 4744 1618 4803 fidem
1665 4761 1773 4817 per
1813 4742 2244 4801 invocationem
2275 4741 2534 4800 nominis
2566 4741 2785 4799 Christi
2819 4758 2956 4816 pro-
