3538 5364
1229 265 1235 269 ·
1275 251 1344 309 de
1373 252 1644 322 operibus
1667 251 2007 309 infidelium.
2860 261 2940 327 51

324 432 806 513 distinguuntur
825 439 1099 514 peccata
1116 439 1406 509 naturae,
1428 431 1606 515 artie,
1628 432 1827 496 moris
1842 433 1907 519 ¹).
1943 432 2137 515 Atqui
2170 452 2371 515 opera
2405 452 2484 499 ex
2505 433 2628 500 fide
2646 453 2779 499 non
2797 453 2950 517 pro-

328 538 510 616 fecta,
542 540 671 604 etsi
701 540 913 606 ethice
944 541 1135 617 bona,
1156 539 1458 606 deficiunt
1489 559 1530 603 a
1561 540 2036 622 supernaturali
2068 558 2301 606 norma
2323 540 2446 608 fide
2467 542 2954 625 comprehensa,

325 663 453 727 qua
482 664 801 727 praesens
832 647 1070 728 regitur
1099 647 1259 712 ordo
1292 654 1357 712 et
1387 647 1743 713 secundum
1775 666 1970 730 quam
2004 666 2204 730 opera
2222 648 2403 730 dirigi
2422 648 2658 715 debent
2677 650 2743 714 in
2756 650 2951 714 finem

332 754 970 840 supernaturalem).
1032 753 1245 833 Quare
1291 773 1491 837 opera
1536 755 1758 819 omnia
1803 753 2152 820 infidelium
2183 756 2307 820 dici
2337 762 2639 838 poterunt
2669 762 2955 839 peccata.

326 859 473 924 Ideo
507 858 1027 941 Augustinus
1058 880 1110 926 c.
1141 861 1466 927 Julianum
1497 862 1534 926 l.
1567 867 1611 930 4
1642 880 1693 926 c.
1729 868 1769 932 3
1802 881 1863 925 n.
1897 865 1984 932 20
2016 864 2270 931 statuit:
2313 862 2672 946 ,Quidquid
2701 863 2854 927 boni
2887 864 2957 928 fit

325 966 410 1029 ab
442 967 710 1032 homine
744 975 810 1032 et
840 988 971 1033 non
1001 975 1260 1051 propter
1289 970 1415 1033 hoc
1445 968 1533 1045 fit,
1553 974 1815 1051 propter
1837 969 2010 1051 quod
2030 969 2165 1034 fieri
2184 969 2420 1036 debere
2449 988 2605 1034 vera
2636 970 2956 1052 sapientia

329 1074 660 1156 praecipit,
694 1076 816 1140 etsi
847 1074 1056 1139 officio
1088 1074 1381 1141 videatur
1408 1074 1670 1153 bonum,
1717 1075 1858 1157 ipso
1890 1093 2023 1139 non
2054 1081 2231 1141 recto
2265 1075 2389 1141 fine
2421 1082 2760 1157 peccatum
2793 1083 2945 1141 ests

329 1179 404 1246 Et
433 1180 673 1245 iterum
705 1201 765 1246 n.
800 1189 918 1253 25:
976 1182 1111 1258 ,Ad
1142 1184 1269 1248 hoc
1299 1201 1413 1249 eos
1462 1185 1529 1248 in
1561 1184 1664 1249 die
1689 1184 1912 1266 judicii
1942 1184 2367 1264 cogitationes
2400 1203 2558 1250 suae
2590 1184 2952 1262 defendent,

330 1294 399 1351 ut
431 1289 835 1355 tolerabilius
866 1292 1231 1373 puniantur,
1262 1291 1371 1373 qui
1402 1290 1783 1355 naturaliter
1832 1308 1998 1373 quae
2043 1291 2200 1372 legis
2231 1298 2396 1370 sunt,
2432 1297 2756 1374 utcunque
2789 1290 2959 1357 sece-

554 1503 591 1571 ι)
624 1500 957 1571 „Quidquid
984 1504 1085 1567 est,
1114 1501 1308 1571 inquit
1345 1501 1685 1556 Clemens
1722 1500 1867 1557 alex.
1895 1501 2135 1574 paedag.
2161 1503 2196 1558 l.
2229 1510 2253 1558 1
2283 1519 2330 1557 c.
2362 1509 2444 1567 13,
2483 1506 2708 1573 practer
2749 1504 2962 1556 rectam

332 1577 637 1645 rationem,
682 1584 983 1652 peccatum
1020 1586 1105 1637 est
1121 1596 1166 1644 ;“
1232 1584 1292 1637 et
1329 1582 1374 1636 Τ
1391 1582 1429 1636 h
1445 1598 1475 1636 e
1492 1599 1525 1637 o
1541 1581 1580 1635 d
1597 1598 1630 1635 ο
1644 1600 1674 1635 ι·
1689 1600 1728 1637 ιι
1745 1600 1772 1636 s
1811 1582 2078 1637 Abucara
2116 1582 2274 1654 apud
2316 1582 2353 1637 S
2369 1602 2408 1639 u
2425 1583 2490 1637 ic
2505 1600 2535 1637 e
2550 1602 2577 1637 r
2593 1602 2631 1637 u
2647 1601 2705 1637 ιιι
2744 1582 2808 1637 in
2847 1583 2965 1637 the·

331 1675 498 1713 sauro
534 1669 582 1724 1,
614 1667 720 1718 203
739 1684 752 1716 ;
783 1661 1117 1725 „Peccatum
1143 1665 1231 1717 est
1247 1662 1534 1717 aberratio
1553 1680 1589 1716 a
1608 1674 1829 1733 scopo.··
1859 1661 1992 1717 ldeo
2020 1664 2078 1717 et
2101 1681 2143 1717 s.
2171 1665 2219 1715 A
2238 1680 2276 1716 u
2291 1682 2330 1734 g
2346 1681 2383 1716 u
2401 1681 2427 1716 s
2443 1667 2468 1716 t
2481 1664 2502 1718 i
2517 1682 2556 1716 ιι
2572 1682 2611 1717 ιι
2628 1682 2652 1717 s
2679 1661 2968 1735 permittit

334 1738 563 1796 Euchir.
592 1760 651 1797 n.
672 1748 758 1807 20,
785 1746 854 1797 nt
879 1760 908 1798 e
925 1760 953 1796 r
966 1761 995 1797 r
1011 1760 1044 1799 o
1061 1762 1091 1797 r
1116 1743 1342 1798 dicatur
1360 1746 1678 1814 peccatum.
1706 1744 1792 1796 lta
1810 1742 1988 1797 babet
2012 1760 2054 1796 s.
2082 1742 2127 1797 Τ
2142 1742 2180 1796 h
2197 1760 2230 1798 o
2245 1761 2303 1796 m
2317 1760 2353 1797 a
2368 1761 2395 1797 s
2420 1744 2746 1816 compendii
2760 1762 2805 1798 c.
2827 1750 2928 1802 119
2949 1765 2960 1797 :

338 1819 599 1881 „Malum
626 1822 875 1877 actionis
897 1823 971 1878 ad
997 1822 1252 1893 aliquem
1278 1824 1448 1877 flnem
1477 1823 1802 1888 ordinatae,
1831 1823 1904 1876 ad
1933 1840 2102 1892 quem
2129 1840 2243 1877 non
2271 1823 2464 1878 debito
2490 1820 2658 1879 modo
2685 1841 2740 1879 se
2767 1825 2957 1888 habet,

334 1919 371 1970 p
386 1916 416 1953 e
432 1917 463 1953 c
477 1918 509 1954 c
524 1917 562 1953 a
579 1904 606 1953 t
621 1919 662 1954 u
680 1921 736 1955 m
766 1901 982 1958 dicitur
1006 1905 1125 1957 tam
1150 1903 1213 1957 in
1238 1903 1583 1958 voluntariis
1613 1920 1787 1973 quam
1804 1903 1866 1957 in
1884 1903 2259 1958 naturalibus.
2294 1903 2497 1958 Peccat
2524 1905 2676 1959 enim
2705 1905 2961 1959 medicus

330 1979 394 2033 in
420 1981 654 2035 actione
683 1998 806 2047 sua,
832 1983 970 2037 dum
987 2001 1104 2038 non
1120 1988 1390 2056 operatur
1403 1985 1811 2039 convenienter
1824 1984 1896 2038 ad
1914 1982 2218 2038 sanitatem
2238 2006 2250 2046 ς
2277 1987 2335 2038 et
2348 1987 2557 2038 natura
2573 1984 2745 2039 etiam
2763 1987 2962 2055 peccat

328 2057 397 2113 in
421 2076 528 2113 sua
555 2062 909 2131 operatione,
949 2062 1088 2129 dum
1126 2063 1200 2116 ad
1240 2063 1494 2118 debitam
1520 2062 1958 2134 dispositionem
1997 2066 2056 2117 et
2080 2064 2317 2121 formam
2343 2079 2464 2117 rem
2489 2070 2819 2134 generatam
2846 2081 2962 2120 non

338 2139 607 2211 perducit
630 2140 783 2195 sicut
805 2160 937 2197 curn
962 2143 1237 2198 accidunt
1257 2146 1512 2198 monstra
1536 2143 1597 2197 iu
1625 2146 1834 2197 natura
1850 2156 1895 2204 :⁸⁶
1926 2142 1988 2199 in
2015 2147 2233 2213 quaest.
2261 2142 2407 2214 disp.
2435 2143 2504 2196 de
2544 2145 2696 2198 malo
2737 2161 2793 2212 q.
2813 2149 2845 2197 2
2861 2160 2911 2197 a.
2929 2151 2963 2200 2

329 2220 575 2275 statuit:
606 2220 895 2286 „Quilibet
917 2225 1077 2278 actus
1104 2224 1470 2278 inordinatus
1494 2226 1688 2295 potest
1710 2223 1828 2279 dici
1853 2225 2154 2295 peccatum
2181 2225 2273 2278 vel
2300 2227 2558 2289 naturae,
2585 2225 2677 2279 vel
2696 2224 2854 2289 artis,
2872 2225 2961 2278 vel

332 2302 523 2357 moris.
551 2302 665 2358 Sed
690 2303 975 2359 rationem
1000 2321 1032 2359 c
1047 2322 1085 2358 u
1100 2305 1121 2358 l
1137 2324 1175 2376 p
1189 2320 1224 2358 a
1239 2321 1270 2358 e
1297 2322 1413 2358 non
1438 2305 1615 2359 habet
1628 2306 1929 2374 peccatum
1946 2303 2141 2361 nisiex
2159 2321 2242 2369 eo,
2261 2305 2415 2373 quod
2437 2307 2524 2359 est
2538 2303 2929 2360 voluntarium
2949 2326 2961 2358 ε

333 2382 484 2438 nulli
507 2382 667 2438 enim
693 2384 1020 2455 imputatur
1044 2385 1119 2439 ad
1136 2385 1365 2457 culpam
1382 2384 1597 2454 aliquis
1614 2383 1979 2441 inordinatus
1996 2384 2307 2457 actus,fnisi
2320 2400 2387 2439 ex
2404 2402 2470 2439 eo
2487 2386 2642 2453 quod
2658 2389 2745 2440 est
2762 2385 2824 2439 in
2840 2386 2890 2452 ei
2896 2402 2963 2439 us

328 2466 672 2533 potestate:-
729 2464 813 2519 Cf.
838 2464 909 2518 de
936 2464 1099 2519 verit.
1127 2483 1182 2534 q.
1209 2474 1279 2522 24
1302 2482 1356 2522 a.
1380 2468 1432 2522 7.
1459 2464 1591 2520 Scil.
1618 2481 1685 2519 eo
1711 2465 1829 2520 fere
1854 2464 2130 2533 loquendi
2154 2480 2360 2535 genere
2387 2481 2560 2533 opera
2586 2464 2760 2518 etiam
2776 2465 2962 2518 ethice

348 2544 493 2598 bona
510 2544 633 2599 dici
650 2548 894 2616 possunt
905 2547 1056 2601 mala
1072 2547 1131 2599 et
1144 2549 1395 2615 peccata,
1413 2562 1527 2614 quo
1545 2546 1694 2600 bona
1708 2544 1886 2615 hujus
1900 2544 2104 2600 mundi
2121 2544 2394 2599 dicuntur
2413 2546 2442 2597 f
2450 2561 2484 2597 a
2499 2545 2519 2598 l
2536 2562 2560 2597 s
2575 2561 2627 2607 a,
2653 2544 2683 2596 f
2686 2543 2825 2597 alla
2837 2560 2866 2597 c
2878 2544 2899 2597 i
2911 2560 2962 2608 a,

334 2624 561 2689 inania,
589 2628 917 2697 comparate
944 2624 1062 2682 scil.
1087 2627 1161 2679 ad
1190 2626 1338 2680 bona
1366 2624 1713 2697 spiritualia,
1739 2627 1990 2691 aeterna,
2017 2624 2496 2697 supernaturalia.
2548 2623 2699 2678 Hinc
2726 2625 2774 2677 A
2793 2643 2829 2677 u
2847 2643 2885 2694 g
2902 2641 2961 2676 u-

329 2705 489 2760 stin
507 2724 547 2759 u
564 2724 592 2760 s
631 2705 877 2761 subinde
904 2708 1083 2763 solam
1108 2724 1143 2760 a
1170 2724 1369 2762 norma
1408 2706 1838 2778 supernaturali
1876 2704 2289 2761 dissonantiam
2318 2708 2500 2778 urget,
2526 2709 2763 2780 propter
2788 2723 2961 2774 quam

342 2786 484 2840 hacc
509 2803 689 2855 opera
715 2804 831 2841 non
858 2786 1091 2856 quidem
1117 2788 1289 2858 culpa
1316 2787 1433 2842 sint
1450 2788 1680 2852 infecta,
1702 2787 1798 2841 sed
1821 2787 1938 2840 sint
1957 2787 2170 2852 inania,
2187 2787 2422 2853 sterilia,
2438 2790 2663 2859 praeter
2679 2786 2847 2841 viam.
2877 2788 2962 2840 Ita

337 2866 398 2919 in
425 2866 515 2924 Ps.
544 2872 609 2922 31
642 2886 698 2920 n.
727 2876 791 2923 4:
821 2867 935 2930 „Ea
961 2867 1114 2922 enim
1141 2861 1267 2939 ipsa
1294 2884 1483 2939 opera,
1521 2883 1667 2937 quae
1695 2867 1969 2922 dicuntur
1992 2870 2126 2923 ante
2153 2868 2337 2933 fidem,
2367 2866 2630 2937 quamvis
2657 2866 2963 2922 videantur

338 2945 678 3000 hominibus
703 2947 1037 3012 laudabilia,
1064 2947 1262 3003 inania
1290 2951 1441 3002 sunt.
1468 2948 1556 3002 Ita
1580 2946 1726 3002 mihi
1752 2946 2024 3002 videntur
2039 2964 2174 3012 esse,
2191 2951 2258 3002 ut
2274 2965 2513 3018 magnae
2529 2949 2678 3002 vires
2693 2951 2750 3002 et
2764 2964 2962 3001 cursus

328 3026 668 3080 celerrimus
688 3029 916 3097 praeter
933 3026 1102 3082 viam.
1129 3026 1310 3082 Nemo
1331 3043 1465 3098 ergo
1498 3030 1812 3098 computet·
1830 3029 1979 3082 bona
2000 3043 2173 3098 opera
2193 3043 2296 3081 sua
2315 3031 2449 3081 ante
2469 3028 2665 3081 fidem:
2697 3025 2798 3081 ubi
2823 3025 2962 3080 fides

330 3123 451 3161 non
477 3109 620 3170 erat,
648 3108 863 3162 bonum
890 3123 1035 3178 opus
1059 3124 1176 3162 non
1202 3110 1340 3161 erat.
1366 3107 1589 3163 Bonum
1616 3107 1769 3161 enim
1798 3123 1944 3179 opus
1969 3106 2217 3162 intentio
2244 3107 2400 3172 facit,
2421 3106 2802 3162 intentionem
2823 3105 2961 3159 fides

334 3186 577 3260 dirigit*
607 3188 715 3244 etc.
743 3186 825 3241 Cf.
849 3189 1011 3241 tract.
1032 3196 1100 3244 45
1117 3188 1178 3241 in
1198 3186 1360 3244 Joan.
1383 3206 1438 3241 n.
1461 3195 1522 3247 2:
1550 3189 1619 3243 tr.
1655 3192 1719 3244 10
1743 3187 1805 3243 in
1831 3204 1920 3259 ep.
1947 3187 2111 3243 Joan.
2129 3205 2183 3240 ιι.
2204 3195 2228 3243 1
2253 3208 2265 3248 ;
2292 3190 2490 3242 contra
2509 3188 2652 3242 duas
2668 3204 2754 3259 ep.
2774 3187 2959 3259 pelag.

334 3267 376 3320 l.
402 3274 436 3324 3
460 3283 510 3321 c.
539 3278 656 3340 5,n.
688 3276 771 3324 14.
822 3269 908 3321 Ita
934 3271 995 3321 et
1016 3267 1119 3322 alii
1147 3270 1337 3338 patres
1363 3269 1701 3340 loquuntur,
1728 3271 1797 3322 ut
1822 3271 1944 3322 Am
1963 3269 2087 3343 bro
2106 3267 2220 3321 siu
2239 3285 2265 3322 s
2305 3269 2366 3321 in
2397 3267 2481 3325 ΡΒ.
2513 3278 2537 3326 1
2569 3287 2624 3322 ιι.
2651 3277 2717 3326 41
2741 3290 2753 3323 ε
2807 3267 2962 3328 „Vir-

334 3351 489 3402 tutes
505 3347 632 3402 sine
650 3348 759 3403 fide
774 3347 914 3403 folia
928 3351 1065 3402 sunt
1081 3370 1095 3404 2
1120 3348 1391 3403 videntur
1406 3348 1615 3414 vivere,
1632 3347 1729 3403 sed
1745 3348 2009 3420 prodesse
2024 3365 2141 3403 non
2155 3353 2412 3420 possunt.
2443 3349 2758 3418 Agitantur
2773 3351 2962 3412 vento,

338 3429 485 3497 quia
510 3446 631 3483 non
658 3429 873 3484 habent
898 3429 1355 3483 fundamentum.
1398 3429 1612 3494 Quanti
1638 3428 1884 3499 gentiles
1910 3429 2127 3483 habent
2149 3429 2613 3494 misericordiam,
2641 3429 2858 3483 habent
2882 3446 2963 3483 so-

347 3509 675 3572 brietatem,
701 3508 799 3562 sed
827 3509 1075 3564 fructum
1105 3527 1219 3564 non
1245 3509 1509 3565 habent.“
1568 3507 1651 3563 Cf.
1692 3508 1968 3563 Lactan
1986 3509 2044 3562 ti
2063 3529 2098 3562 u
2118 3527 2142 3563 s
2182 3509 2297 3564 div.
2337 3509 2521 3563 instit.
2548 3509 2584 3565 l.
2614 3516 2646 3566 6
2673 3526 2717 3564 c.
2747 3515 2808 3568 9;
2853 3508 2905 3561 H
2923 3508 2962 3562 i·

342 3587 593 3642 larius
621 3587 684 3641 in
711 3588 801 3641 Ps.
832 3597 899 3645 14
923 3606 978 3641 n.
1005 3597 1069 3649 8;
1115 3607 1156 3643 s.
1183 3588 1321 3643 Leo
1350 3605 1512 3643 serm.
1539 3591 1573 3645 7
1599 3588 1668 3642 de
1696 3587 1981 3658 Quadrag.
2009 3604 2055 3641 c.
2085 3595 2146 3648 23
2192 3592 2457 3643 auctor
2495 3590 2648 3644 hom.
2675 3588 2745 3642 de
2771 3588 2880 3642 fide
2907 3590 2965 3641 et

338 3669 454 3739 leg.
483 3668 660 3724 {inter
685 3684 856 3740 opera
882 3669 923 3723 C
940 3668 977 3721 h
993 3687 1074 3738 ry
1090 3687 1132 3722 s.
1160 3671 1199 3728 t.
1228 3676 1261 3726 6
1284 3670 1436 3735 hom.
1470 3672 1569 3742 17).

509 3779 515 3786 ·
557 3752 600 3820 Ξ)
626 3749 680 3802 S.
710 3751 756 3801 A
774 3767 811 3802 u
828 3767 867 3819 g
882 3766 921 3801 u
939 3766 963 3801 s
980 3747 1039 3802 ti
1055 3765 1093 3802 n
1111 3768 1147 3803 u
1165 3766 1190 3802 s
1216 3766 1262 3803 c.
1290 3749 1565 3803 Faustum
1592 3749 1629 3805 l.
1658 3756 1723 3804 22
1751 3766 1798 3802 c.
1820 3750 1890 3806 27
1913 3771 1924 3802 :
1955 3748 2289 3808 ..Peccatum
2311 3750 2626 3804 estfactum
2648 3748 2733 3802 vel
2744 3746 2962 3801 dictum

340 3830 429 3884 vel
455 3828 832 3899 concupitum
859 3832 1058 3883 contra
1082 3832 1371 3884 aeternam
1391 3830 1591 3900 legem.
1619 3829 1732 3884 Lex
1756 3846 1888 3883 vero
1909 3831 2141 3882 aeterna
2162 3832 2248 3883 est
2265 3829 2414 3883 ratio
2435 3827 2633 3882 divina
2658 3827 2746 3882 vel
2766 3827 2963 3881 volun-

340 3913 425 3965 tas
452 3910 560 3966 Dei
586 3909 845 3965 ordinem
873 3911 1191 3965 naturalem
1217 3909 1539 3965 conservari
1557 3909 1788 3979 jubens,
1814 3908 2139 3980 perturbari
2155 3913 2370 3963 vetans.
2399 3908 2672 3974 Quisnam
2689 3907 2869 3978 igitur
2890 3906 2965 3960 sit

334 3990 401 4044 in
427 3989 663 4045 homine
690 3988 972 4043 naturalis
998 3988 1135 4044 ordo
1163 3989 1553 4058 quaerendum
1582 3991 1668 4043 est
1694 4029 1706 4041 .
1735 4028 1749 4042 .
1777 4029 1790 4042 .
1830 3988 2154 4042 Secundum
2182 3989 2471 4042 aeternam
2499 3988 2700 4058 legem,
2728 4004 2843 4056 qua
2868 4004 2964 4039 na·

342 4070 546 4127 taralis
562 4070 701 4125 ordo
717 4071 994 4132 servatur,
1003 4069 1160 4137 juste
1176 4067 1444 4133 vivimus,
1461 4067 1510 4121 si
1529 4068 1793 4123 vivamus
1809 4086 1876 4122 ex
1893 4068 2002 4121 fide
2019 4085 2133 4122 non
2152 4068 2299 4132 ficta,
2317 4083 2464 4135 quae
2481 4084 2583 4138 per
2599 4066 2964 4121 dilectionem

340 4152 644 4219 operatur:
670 4150 947 4204 habentes
973 4149 1036 4203 in
1061 4150 1411 4205 conscientia
1437 4151 1586 4204 bona
1612 4166 1768 4220 spem
1797 4148 2102 4220 repositam
2134 4148 2197 4202 in
2222 4149 2394 4202 coelis
2428 4147 2881 4202 immortalitatis
2906 4150 2964 4200 et

341 4228 803 4300 incorruptionis
829 4233 888 4283 et
911 4227 1093 4299 ipsius
1118 4228 1496 4301 perficiendae
1516 4229 1782 4299 justitiae
1807 4247 1990 4298 usque
2015 4229 2087 4282 ad
2116 4229 2404 4297 quandam
2432 4228 2802 4282 ineffabiliter
2840 4244 2963 4281 sua-

343 4310 635 4364 vissimam
661 4308 1040 4375 saturitatem,
1084 4326 1258 4378 quam
1283 4310 1347 4363 in
1375 4309 1486 4363 ista
1514 4309 1974 4380 peregrinatione
1999 4312 2229 4380 oportet
2254 4309 2459 4363 esuriri
2483 4325 2551 4363 ac
2576 4308 2740 4373 sitiri,
2767 4325 2962 4377 quam-

344 4389 444 4443 diu
470 4406 574 4459 per
600 4389 772 4443 fidem
797 4389 1176 4453 ambulamus,
1204 4406 1320 4442 non
1344 4405 1446 4458 per
1472 4388 1769 4460 speciem·
1825 4389 2074 4443 Evidens
2117 4392 2309 4443 autem
2338 4392 2426 4443 est
2449 4389 2840 4459 Augustinum
2867 4406 2962 4442 no·

344 4469 493 4524 mine
521 4468 743 4524 ordinis
762 4490 801 4525 n
815 4484 850 4522 a
865 4473 892 4522 t
904 4486 943 4523 u
959 4487 988 4523 r
1001 4484 1036 4522 a
1051 4468 1073 4522 1
1089 4469 1110 4523 i
1124 4487 1150 4524 s
1176 4469 1499 4540 intelligere
1521 4469 1779 4525 ordinem
1805 4469 1844 4523 h
1861 4469 1882 4524 i
1898 4487 1923 4523 s
1939 4473 1965 4524 t
1980 4488 2012 4524 ο
2027 4470 2091 4523 ri
2108 4486 2137 4524 c
2154 4487 2191 4523 u
2208 4489 2265 4523 m
2292 4468 2352 4523 in
2381 4470 2601 4523 Adamo
2627 4469 2960 4528 institutum

342 4552 403 4603 et
438 4567 539 4622 per
566 4549 860 4604 Christum
887 4549 1096 4605 iterum
1134 4553 1481 4621 reparatum.
1533 4549 1614 4604 De
1652 4549 1809 4604 civit.
1837 4550 1941 4605 Dei
1969 4551 2006 4605 l.
2042 4559 2104 4607 14
2130 4569 2175 4605 c.
2203 4560 2237 4606 4
2263 4569 2316 4607 n.
2351 4560 2373 4607 1
2399 4572 2410 4604 ε
2464 4550 2628 4611 „Non
2662 4549 2745 4602 ita
2772 4549 2961 4603 vivere

349 4629 831 4700 quemadmodum
876 4629 1064 4685 factus
1106 4635 1194 4687 est
1236 4632 1446 4704 (homo)
1473 4635 1541 4686 ut
1567 4631 1802 4697 viveret,
1844 4633 1953 4686 hoc
1996 4636 2083 4686 est
2123 4632 2486 4687 mendacium
2503 4645 2547 4686 :⁶⁴
2595 4629 2732 4684 hinc
2757 4633 2816 4683 et
2839 4645 2962 4700 pec·

344 4712 552 4764 catum.

2569 4800 2625 4853 4.
