3538 5364
1121 308 1202 365 De
1228 308 1448 379 gratiae
1466 307 1841 379 justificantis
1865 308 2232 365 incremento.
2854 320 2979 385 179

346 496 744 555 scholasticos
776 541 790 555 .
827 541 840 553 .
871 541 886 557 .
919 496 1109 557 Litem
1133 496 1342 571 'itaque
1375 498 1561 554 totam
1596 496 1801 571 paucis
1821 495 2097 555 dirimere
2129 497 2274 554 mihi
2305 497 2544 556 videtur
2576 497 2633 561 b,
2663 498 2979 558 Thomas

348 588 565 660 postea
595 605 774 660 quam
807 585 957 643 dixit
985 585 1058 643 de
1091 588 1210 660 pot.
1243 604 1298 659 q.
1331 594 1365 647 3
1402 604 1452 642 a.
1489 593 1522 647 8
1557 585 1631 642 ad
1656 594 1711 654 8,
1743 585 1998 662 gratiam
2028 586 2269 661 proprie
2301 604 2419 645 non
2452 587 2653 655 creari,
2687 589 2830 664 quia
2860 607 2980 649 non

345 680 446 733 est
476 674 671 732 forma
700 674 1050 735 subsistens,
1081 672 1311 733 Infusio
1331 677 1530 733 tamen
1551 673 1779 751 gratiae
1800 672 2026 732 accedit
2056 674 2128 732 ad
2159 674 2447 733 rationem
2470 676 2803 745 creationis,
2838 679 2981 754 quia

346 782 474 822 non
507 767 604 821 est
635 764 721 822 ita
752 782 822 822 ex
855 763 1120 838 potentia
1149 763 1448 836 materiae,
1483 768 1552 822 ut
1584 763 1777 839 possit
1807 763 1978 822 educi
2010 763 2071 821 in
2103 767 2302 821 actum
2335 783 2439 839 per
2469 783 2701 823 causam
2735 770 2977 825 natura-

349 855 533 914 lem.‘
603 853 684 912 cf.
719 851 1040 929 Ripalds
1072 852 1125 909 d.
1164 863 1233 921 73
1268 853 1551 910 Suarez
1583 851 1740 922 VIII,
1783 862 1852 920 23
1888 851 2251 912 Schltzler
2282 851 2468 911 Lehre
2501 872 2615 912 von
2648 855 2752 913 der
2784 855 2979 915 Wirk-

350 942 542 1003 samk.
576 941 684 1000 der
715 941 872 1004 Sacr.
905 945 936 1014 ἓ
972 953 1043 1013 7;
1078 938 1535 1007 Scheebenss
1577 952 1714 1004 170.

1349 1150 1870 1218 Articulus
1918 1152 1997 1220 V.
2165 1244 2170 1251 υ

899 1272 1003 1338 De
1044 1273 1713 1355 proprietatibus
1753 1272 2429 1355 Justificationis.

539 1422 690 1485 214.
726 1416 949 1481 Plures
989 1417 1460 1498 justificationis
1506 1417 1932 1498 proprietates
1977 1417 2317 1482 concilium
2363 1417 2691 1483 trident.
2737 1439 2892 1484 sess.
2934 1428 2973 1490 6

347 1544 403 1588 c.
443 1531 499 1592 7.
537 1533 769 1589 contra
820 1530 1403 1607 protestantes
1457 1532 1683 1589 tuetur.
1747 1522 2032 1603 Quarum
2083 1524 2290 1606 prima
2320 1532 2418 1589 est
2470 1524 2713 1603 gratiae
2757 1527 2973 1592 inae-

353 1632 769 1715 qualitas,
820 1651 1026 1714 neque
1078 1633 1248 1696 enim
1301 1631 1587 1715 aequalis
1641 1638 1738 1697 est
1788 1632 1853 1694 in
1903 1631 2201 1695 omnibus
2227 1632 2431 1712 justiS,
2483 1649 2692 1713 neque
2724 1651 2977 1715 semper

349 1741 658 1822 aequalis
690 1746 909 1804 manet
941 1741 1003 1803 in
1038 1740 1264 1804 eodem
1291 1739 1482 1819 justo.
1547 1738 1637 1803 De
1670 1756 1797 1821 qua
1831 1738 2221 1819 proprietate
2252 1738 2415 1802 haec
2448 1744 2624 1803 tene:

558 1866 624 1931 1.
659 1862 980 1945 Duplicem
1000 1883 1141 1929 esse
1163 1881 1428 1927 causam
1449 1863 1923 1945 inaequalitatis
1952 1863 2196 1942 gratiae
2216 1863 2280 1925 in
2293 1862 2497 1943 ,iustis
2531 1862 2712 1926 Prior
2741 1865 2974 1945 petitur

345 1990 438 2034 ex
476 1970 806 2034 voluntate
838 1968 969 2046 Dei,
1003 1970 1111 2052 qui
1143 1974 1334 2050 prout
1365 1969 1501 2033 vult
1531 1988 1650 2032 sua
1683 1969 2011 2050 dispensat
2041 1968 2244 2044 dona;
2277 1956 2641 2033 sicutenim
2662 1969 2727 2033 in
2748 1971 2973 2037 ordine

353 2078 640 2140 naturali
671 2095 881 2159 neque
914 2076 1211 2141 omnibus
1243 2076 1506 2140 easdem
1537 2076 1965 2157 proprietates
2011 2081 2075 2139 et
2106 2076 2308 2151 doteS,
2358 2095 2567 2158 neque
2600 2076 2827 2142 eodem
2861 2079 2972 2143 tri-

351 2183 491 2246 buit
535 2182 759 2262 gradu,
797 2190 870 2247 ut
900 2184 1022 2247 hac
1052 2183 1362 2247 varietate
1392 2182 1716 2264 pulchrius
1747 2182 2053 2246 reddatur
2083 2183 2481 2246 universum:
2534 2183 2625 2247 ita
2656 2184 2721 2247 in
2752 2184 2974 2249 ordine

374 2290 842 2372 supernaturali
873 2310 1003 2354 non
1036 2289 1333 2353 omnibus
1366 2290 1637 2354 eandem
1685 2290 1928 2369 gratiae
1960 2308 2329 2354 mensuram
2374 2289 2690 2369 elargitur.
2754 2291 2974 2357 Altera

369 2397 590 2478 petitur
621 2416 702 2462 ex
735 2397 992 2461 diversa
1015 2396 1570 2478 justificandorum
1601 2396 2034 2477 dispositione.
2087 2392 2265 2459 Sicut
2297 2396 2466 2460 enim
2499 2395 2565 2460 in
2597 2396 2821 2461 ordine
2853 2416 2970 2461 na-

369 2504 548 2567 turali
579 2523 699 2586 pro
735 2504 989 2568 diversa
1019 2504 1327 2569 materiae
1378 2503 1707 2585 subjectae
1753 2503 2169 2585 dispositione
2203 2503 2489 2567 diversus
2522 2507 2620 2568 es't
2650 2505 2971 2569 secunda-

352 2629 495 2673 rum
529 2630 879 2675 causarum
911 2610 1201 2675 effectus:
1248 2611 1340 2673 ita
1370 2617 1435 2675 et
1478 2610 1542 2674 in
1589 2610 1812 2674 ordine
1857 2608 2329 2692 supernaturali
2370 2629 2486 2693 pro
2534 2610 2786 2675 diversa
2816 2611 2970 2675 sub-

342 2721 499 2800 jecti
531 2720 955 2801 dispositione
974 2719 1117 2800 plus
1148 2719 1442 2784 minusve
1473 2719 1718 2798 gratiae
1738 2717 2077 2783 confertur.
2113 2717 2463 2799 Utramque
2481 2718 2798 2783 rationem
2819 2738 2968 2799 pro-

347 2827 535 2908 ponit
570 2826 915 2890 concilium
947 2825 1187 2890 docens
1219 2842 1270 2887 c.
1309 2832 1365 2901 7,
1399 2844 1920 2907 unumquemque
1952 2826 2235 2907 recipere
2260 2825 2570 2907 justitiam
2604 2843 2789 2888 suam
2829 2843 2968 2898 ,se-

353 2933 639 2995 cundum
671 2950 1058 3007 mensuram,
1091 2950 1283 3014 quam
1319 2929 1588 3012 Spiritus
1611 2951 1658 2994 s,
1684 2932 1957 3012 partitur
1976 2932 2255 3012 singuliS‚
2276 2937 2466 3014 prout
2486 2931 2635 3007 vult,
2656 2940 2720 2997 et
2739 2950 2967 2996 secun-

349 3040 504 3102 dum
539 3038 872 3122 propriam
903 3039 1207 3121 cujusque
1240 3038 1723 3120 dispositionem
1756 3046 1820 3104 et
1852 3039 2426 3120 cooperationem.‘

532 3166 596 3234 2.
633 3163 855 3246 Neque
889 3164 951 3226 in
982 3163 1242 3243 singulis
1275 3164 1480 3243 gratia
1510 3180 1765 3244 semper
1785 3168 1886 3226 est
1904 3163 2222 3245 aequalis3
2255 3180 2544 3228 crescere
2568 3164 2737 3228 enim
2758 3170 2967 3244 potest

347 3279 416 3335 et
448 3272 661 3347 debet,
694 3277 766 3334 ut
797 3275 976 3351 patet
1007 3288 1086 3335 ex
1118 3269 1312 3351 Αροο.
1347 3275 1450 3346 22,
1489 3274 1600 3337 11:
1663 3270 1786 3346 Qui
1824 3271 2038 3350 justus
2087 3276 2195 3348 est,
2224 3269 2607 3352 justificetur
2656 3271 2876 3345 adhue,
2910 3278 2966 3333 et

340 3388 603 3442 sanctus
635 3378 1052 3461 sanctificetur
1082 3376 1322 3458 adhuc;
1354 3375 1536 3441 Prov.
1570 3382 1630 3451 4,
1671 3383 1782 3446 18:
1816 3376 2143 3440 Justorum
2175 3378 2390 3439 semita
2426 3378 2608 3460 quasi
2641 3376 2750 3440 lux
2768 3379 2963 3462 splen-

337 3485 520 3568 dens,
547 3484 828 3568 procedit
872 3491 928 3547 et
960 3485 1171 3548 crescit
1215 3505 1404 3568 usque
1435 3485 1520 3547 ad
1545 3483 1895 3567 perfectam
1927 3484 2106 3546 diem.
2174 3481 2260 3546 Cf.
2309 3484 2502 3547 etiam
2537 3484 2716 3547 Rom.
2749 3489 2808 3560 4,
2842 3491 2882 3553 2
2915 3506 2962 3549 5.

335 3591 464 3655 col.
497 3590 633 3655 JaC.
668 3599 729 3667 2,
761 3596 879 3666 233
928 3590 1110 3654 Eccli.
1153 3596 1248 3666 18,
1283 3596 1400 3670 22:
1450 3588 1544 3653 Ne
1597 3593 1873 3654 verearis
1922 3611 2109 3674 usque
2160 3591 2245 3654 ad
2290 3598 2545 3652 mortem
2573 3591 2966 3674 justificari;

340 3706 401 3767 2.
429 3698 596 3762 Petr.
621 3703 678 3772 3.
709 3703 803 3767 18.
837 3696 1022 3775 Quod
1055 3704 1118 3762 et
1147 3695 1475 3779 multiplici
1508 3697 1810 3778 analogia
1839 3697 2136 3762 illustrari
2169 3703 2397 3778 potest.
2433 3695 2657 3763 Gratia
2676 3699 2845 3762 enim
2866 3705 2966 3764 est

349 3827 421 3873 a.
455 3825 488 3868 s
506 3825 541 3869 e
560 3805 804 3867 minis
837 3805 1036 3867 instar
1067 3804 1237 3880 boni,
1270 3805 1530 3869 seminis
1553 3811 1768 3868 autem
1790 3810 1889 3868 est
1907 3821 2194 3872 crescere
2216 3812 2281 3868 et
2301 3804 2617 3885 explicari.
2639 3843 2725 3852 -—
2748 3806 2813 3872 b.
2835 3804 2962 3869 Re·

339 3911 543 3992 geniti
577 3917 729 3974 sunt
760 3911 972 3974 adhuc
1003 3911 1346 3992 parvuli,
1379 3912 1485 3993 qui
1518 3929 1664 3974 cum
1698 3917 1915 3976 aetate
1947 3909 2254 3991 proficere
2287 3910 2522 3974 debent
2553 3912 2869 3993 sapientia
2900 3919 2965 3976 et

336 4019 555 4099 gratia
606 4017 778 4099 apud
822 4017 1027 4082 Deum
1077 4025 1143 4083 et
1189 4017 1502 4094 homineS,
1556 4025 1625 4082 ut
1677 4017 2067 4093 adolescant,
2119 4017 2323 4081 donec
2375 4017 2681 4081 formetur
2729 4018 2794 4082 in
2845 4019 2963 4083 illis

341 4124 661 4201 ChristuS,
694 4124 876 4206 cujus
906 4126 971 4188 in
1002 4126 1487 4206 regeneratione
1519 4125 1672 4206 ipsis
1704 4124 2017 4206 impressa
2050 4123 2301 4187 suerunt
2334 4123 2723 4188 lineamenta
2756 4124 2960 4191 Galat.

339 4237 404 4304 4.
434 4235 511 4298 19
536 4232 623 4317 (n.
651 4232 820 4319 186).
841 4270 928 4278 —
948 4250 1012 4299 c.
1034 4231 1373 4297 Justificati
1393 4238 1541 4295 sunt
1563 4231 1694 4295 Deo
1729 4252 1766 4311 g
1784 4249 1866 4294 ra
1886 4232 1942 4294 ti
1974 4239 2038 4294 et
2069 4231 2203 4294 cari
2234 4231 2484 4295 ratione
2502 4232 2960 4297 sanctificantis

339 4338 624 4417 gratiae;
657 4338 771 4402 sed
804 4339 911 4420 qui
943 4344 1158 4419 gratus
1210 4347 1275 4402 et
1322 4355 1512 4402 carus
1559 4344 1673 4414 est,
1727 4339 1967 4418 gratior
1999 4344 2063 4402 et
2095 4338 2304 4401 carior
2336 4338 2471 4401 fieri
2502 4344 2744 4419 potest?
2796 4340 2960 4403 sicut

337 4444 450 4526 qui
485 4443 761 4524 injustus
795 4451 860 4508 et
892 4445 1198 4522 inimicuS,
1232 4452 1444 4526 potest
1474 4444 1610 4509 fieri
1642 4445 1845 4524 magis
1879 4445 2169 4508 inimicus
2203 4450 2268 4508 et
2298 4445 2584 4524 injustus.
2632 4444 2773 4524 Quo
2806 4465 2957 4511 vero

339 4550 589 4631 gratior
619 4557 685 4614 et
717 4551 928 4615 carior
959 4552 1099 4633 quis
1132 4559 1230 4616 est
1261 4552 1413 4628 Dee,
1446 4570 1525 4617 eo
1559 4552 1763 4631 magis
1798 4551 1879 4614 ab
1903 4569 1979 4616 eo
2002 4551 2307 4633 diligitur-3
2343 4570 2469 4632 quo
2492 4558 2711 4615 autem
2731 4553 2960 4633 majori

342 4657 686 4722 dilectione
737 4656 910 4722 Deus
956 4659 1232 4741 aliquem
1279 4658 1738 4740 complectitur,
1786 4676 1865 4722 ea
1915 4659 2163 4739 majora
2213 4659 2406 4721 etiam
2457 4659 2665 4721 omnis
2714 4659 2957 4739 gratiae

339 4764 518 4827 dona
550 4765 615 4827 in
648 4784 795 4828 eum
827 4765 1163 4846 profundit.
1198 4765 1516 4829 Damnata
1550 4773 1766 4831 tamen
1801 4772 1899 4829 est
1930 4784 2106 4848 prop.
2143 4766 2234 4851 (1).
2268 4765 2317 4826 B
2337 4784 2370 4828 e
2388 4785 2424 4844 g
2444 4785 2482 4828 u
2500 4782 2585 4828 ar
2601 4765 2639 4827 d
2658 4782 2695 4828 0
2713 4784 2743 4827 r
2762 4785 2800 4827 u
2818 4784 2879 4826 m
2913 4782 2953 4826 a

2533 4871 2620 4923 12·
