3538 5364
549 333 679 397 344
1096 323 1280 378 Tract.
1310 323 1400 377 IX.
1430 322 1498 377 de
1526 322 1890 377 eucharistia.
1920 320 2369 393 Exceptionibus
2396 321 2614 376 satisfit.

547 529 665 585 quo
700 510 1011 585 supposito
1044 528 1185 568 sane
1215 508 1605 568 eucharistiae
1639 508 1824 567 inerit
1868 508 1960 567 vis
2010 508 2186 580 vitae,
2232 508 2430 566 virtus
2462 508 2655 566 carnis
2687 507 2935 576 Christi;
2980 527 3167 584 eoque

547 600 736 676 magis
767 600 925 675 quod
959 599 1232 674 patribus
1265 599 1458 656 virtus
1492 593 1744 679 δύναμις
1777 615 1952 673 saepe
1983 597 2142 656 idem
2174 598 2257 656 sit
2287 615 2352 656 ac
2383 597 2857 667 substantia,
2890 598 3167 661 essentia.

725 718 790 783 3.
825 722 1032 797 Neque
1064 721 1260 779 obstat
1289 723 1486 797 patres
1519 720 1839 801 aliquoties
1872 721 2082 790 dicere,
2127 720 2428 779 Christum
2460 720 2694 780 dedisse
2725 721 2900 781 nobis
2933 740 3167 781 carnem

547 815 609 870 et
655 811 1006 888 sanguinem
1053 828 1230 869 suum
1275 810 1339 868 in
1384 828 1536 885 pane
1584 814 1645 868 et
1690 810 1847 870 vino.
1912 810 2056 870 Cum
2090 810 2247 869 enim
2280 810 2463 869 toties
2496 809 2793 870 affirment
2822 816 2884 869 et
2914 812 3171 888 probent

544 919 755 976 panem
791 899 1013 958 mutari
1045 900 1110 957 in
1141 918 1353 974 corpus
1386 898 1624 970 Christi,
1670 904 1743 958 ut
1786 898 2139 958 eucharistia
2182 917 2302 958 non
2335 899 2416 957 sit
2446 899 2704 975 amplius
2736 901 2908 976 panis
2941 900 3043 960 sed
3073 900 3167 977 ip-

547 995 681 1047 sum
701 1007 914 1065 corpus
936 988 1188 1048 Christi:
1221 987 1441 1047 locutio
1461 987 1567 1046 illa
1587 1008 1718 1047 rara
1737 988 2021 1064 explicari
2042 987 2218 1047 debet
2237 988 2340 1057 ita,
2374 990 2446 1047 ut
2478 988 2774 1063 significet
2803 990 2899 1048 vel
2932 1008 3169 1049 carnem

546 1077 673 1136 dari
707 1078 820 1137 sub
853 1078 1062 1156 specie,
1095 1078 1280 1136 forma
1310 1078 1482 1153 panis
1513 1078 1609 1136 vel
1639 1097 1744 1153 per
1775 1077 2014 1136 modum
2044 1078 2161 1135 cibi
2183 1072 2588 1158 (spiritualis),
2622 1079 2717 1136 vel
2750 1078 3168 1138 eucharistiam

546 1168 750 1226 confici
782 1168 846 1226 in
877 1185 1046 1243 pane,
1080 1186 1148 1225 ex
1180 1185 1352 1242 pane,
1385 1167 1490 1241 qui
1523 1168 1616 1226 est
1646 1166 1813 1225 illius
1835 1166 2088 1225 materia
2105 1167 2365 1225 remota:
2398 1185 2585 1242 eoque
2606 1167 2795 1244 magis
2817 1168 2980 1242 quod
3011 1187 3168 1230 nun-

548 1276 725 1331 quam
757 1257 978 1325 dicant,
1013 1256 1310 1314 Christum
1341 1273 1577 1314 carnem
1612 1274 1784 1314 suam
1817 1256 1956 1314 dare
1987 1255 2456 1315 manducandam
2488 1274 2649 1314 cum
2680 1275 2847 1332 pane.

723 1377 792 1444 4.
828 1382 950 1440 Hae
982 1381 1135 1440 duae
1167 1380 1627 1456 propositiones:
1660 1382 1762 1439 hoc
1794 1389 1874 1439 est
1904 1399 2119 1456 corpus
2153 1399 2363 1455 meum,
2395 1384 2456 1440 et
2486 1382 2576 1438 hic
2609 1381 2800 1451 homo,
2844 1382 2968 1443 scil.
3001 1381 3168 1440 Chri-

548 1474 697 1540 stus,
731 1479 811 1530 est
841 1471 1017 1544 Deus,
1049 1488 1168 1528 non
1201 1473 1346 1528 sunt
1376 1470 1644 1546 ejusdem
1663 1470 1928 1529 rationis.
1976 1470 2123 1529 Nam
2158 1470 2299 1528 haec
2329 1470 2518 1529 altera
2547 1469 2872 1547 propositio
2904 1489 3044 1529 vera
3074 1474 3171 1529 est

547 1563 786 1637 propter
817 1561 1100 1619 unionem
1130 1559 1561 1635 hypostaticam
1595 1557 1776 1618 Verbi
1809 1578 1944 1617 cum
1975 1561 2191 1618 natura
2224 1558 2497 1617 humana.
2563 1559 2812 1618 Ratione
2858 1560 3014 1618 enim
3055 1560 3166 1618 hu-

546 1650 642 1721 ius
674 1649 914 1708 unionis
948 1650 1020 1708 de
1053 1648 1282 1706 Christo
1313 1647 1455 1706 licet
1487 1648 1793 1718 affirmare,
1824 1647 1982 1723 quod
2028 1648 2107 1707 sit
2152 1649 2341 1706 Deus:
2388 1648 2534 1724 quia
2564 1667 2769 1707 revera
2799 1651 3035 1724 praeter
3064 1668 3168 1707 na-

547 1743 744 1797 turam
778 1727 1112 1810 humanam,
1158 1756 1192 1795 a
1224 1755 1343 1812 qua
1374 1737 1796 1796 denominatur
1825 1738 2019 1808 homo,
2054 1737 2233 1796 habet
2263 1737 2442 1796 etiam
2473 1741 2746 1796 naturam
2779 1737 3061 1808 divinam,
3109 1743 3170 1797 et

549 1829 741 1887 omnis
785 1828 1009 1886 habens
1054 1830 1327 1884 naturam
1359 1826 1621 1885 divinam
1654 1830 1749 1885 est
1781 1828 1937 1886 Deus
1970 1824 2070 1906 (cf.
2100 1829 2146 1889 t.
2178 1826 2253 1885 Il.
2284 1827 2436 1885 thes.
2470 1822 2684 1906 CLIX).
2746 1827 2913 1885 Inter
2958 1845 3171 1903 corpus

546 1935 684 1976 vero
715 1917 932 1975 Christi
962 1920 1024 1975 et
1053 1934 1266 1991 panem
1298 1916 1466 1975 nulla
1497 1919 1587 1975 est
1618 1915 1761 1975 unio
1797 1915 2200 1993 hypostatica:
2236 1915 2297 1973 id
2329 1916 2487 1974 enim
2521 1931 2587 1978 a.
2621 1916 2797 1991 plane
2830 1916 3167 1974 inauditum

548 2009 643 2064 est
684 2007 746 2064 in
788 2006 1068 2064 universa
1100 2004 1480 2079 antiquitate,
1525 2024 1681 2080 quae
1711 2024 1893 2077 unam
1924 2004 2096 2063 novit
2124 2004 2407 2063 unionem
2438 2004 2872 2081 hypostaticam
2904 2003 3170 2064 Verbum

550 2096 707 2153 inter
736 2098 797 2153 et
829 2098 1101 2153 naturam
1134 2093 1450 2152 humanam
1473 2098 1856 2170 assumptam.
1890 2094 1982 2152 Ad
2015 2113 2140 2153 rem
2173 2093 2664 2175 Guitmundus
2680 2093 2787 2164 111,
2814 2104 2927 2157 30:
2964 2092 3169 2163 ,Quae

552 2184 785 2243 insania
815 2188 924 2254 est,
956 2188 1028 2242 ut
1061 2183 1380 2253 Christum,
1413 2186 1486 2241 ut
1518 2183 1604 2242 ita
1636 2182 1905 2251 dixerim,
1940 2202 2048 2241 sua
2077 2185 2431 2241 auctoritate
2464 2183 2773 2258 impanent
2803 2185 2864 2242 et
2896 2182 3172 2241 invinent

551 2268 1062 2354 (berengariani)?
1127 2272 1204 2329 Et
1246 2272 1489 2347 quidem
1535 2272 1837 2331 Christum
1882 2271 2179 2330 incarnari
2218 2272 2509 2330 humanae
2541 2271 2968 2348 redemptionis
3013 2271 3170 2330 ratio

550 2362 919 2437 exposcebat,
967 2361 1128 2437 quod
1172 2360 1447 2420 futurum
1490 2361 1814 2437 prophetae
1846 2360 2286 2436 praedixerunt,
2330 2360 2551 2419 factum
2582 2359 2855 2419 Christus
2887 2360 3170 2430 ostendit,

546 2452 799 2528 apostoli
847 2451 1357 2529 praedicaverunt,
1424 2450 1686 2509 mundus
1752 2449 2023 2508 credidit.
2105 2451 2188 2508 At
2235 2449 2622 2524 impanari
2673 2449 2768 2508 vel
2815 2449 3171 2508 invinari

546 2541 843 2601 Christum
875 2541 1044 2600 nulla
1075 2534 1258 2621 (sicut
1288 2535 1682 2619 ostendimus)
1716 2538 1942 2614 expetit
1986 2538 2155 2609 ratio,
2202 2557 2311 2597 nec
2355 2539 2679 2615 prophetae
2726 2539 3170 2615 praedixerunt,

546 2649 654 2691 nec
687 2631 957 2691 Christus
991 2629 1274 2700 ostendit,
1309 2646 1417 2687 nec
1448 2627 1702 2704 apostoli
1733 2627 2251 2703 praedicaverunt,
2299 2647 2407 2687 nec
2452 2628 2732 2697 mundus,
2781 2627 3040 2705 exceptis
3072 2628 3169 2686 his

546 2721 922 2796 paucissimis
953 2718 1285 2786 haereticis,
1334 2712 1708 2800 erediditl).‘
1777 2717 2028 2776 Etiamsi
2074 2715 2147 2780 b.
2197 2717 2259 2775 in
2305 2717 2668 2777 eucharistia
2699 2718 2893 2776 locum
2926 2718 3172 2777 haberet

547 2810 690 2868 unio
724 2808 1093 2885 hypostatica
1123 2812 1185 2866 et
1216 2807 1557 2882 impanatio,
1591 2807 1733 2865 haec
1752 2805 1923 2865 fieret
1942 2807 2101 2865 inter
2122 2806 2379 2865 Verbum
2402 2826 2506 2866 seu
2529 2807 2831 2866 Christum
2860 2825 2921 2865 et
2939 2825 3169 2883 panem,

547 2917 667 2957 non
699 2917 838 2957 vero
869 2900 1030 2956 inter
1063 2913 1276 2973 corpus
1311 2895 1543 2963 Christi,
1594 2895 1754 2970 quod
1787 2914 1907 2954 non
1938 2899 2029 2954 est
2061 2896 2420 2973 hypostasis,
2468 2905 2530 2954 et.
2572 2915 2817 2972 panem:
2866 2896 3005 2955 hinc
3050 2914 3171 2954 non

549 2986 866 3057 sufficeret,
911 2990 982 3044 ut
1012 2986 1184 3060 panis
1216 2988 1424 3061 posset
1456 2985 1566 3043 dici
1604 3002 1819 3060 corpus
1851 2985 2087 3056 Christi,
2132 2985 2292 3044 sicut
2323 3004 2537 3062 corpus
2569 2984 2787 3043 Christi
2821 3003 2941 3043 non
2975 2988 3173 3061 potest

549 3076 667 3133 dici
699 3078 925 3145 anima3
972 3092 1112 3132 nam
1158 3074 1617 3133 communicatio
1650 3073 2028 3145 idiomatum,
2063 3093 2216 3149 quae
2246 3074 2640 3149 consequitur
2671 3074 2954 3133 unionem
2986 3074 3168 3150 hypo-

551 3165 839 3230 staticam,
872 3162 1188 3222 transferri
1220 3164 1432 3238 nequit
1462 3163 1537 3221 ad
1568 3182 1653 3234 ea,
1694 3182 1848 3239 quae
1880 3166 2024 3222 sunt
2055 3167 2379 3239 assumpta,
2413 3167 2483 3222 ut
2516 3163 2590 3221 de
2622 3181 2684 3222 se
2718 3163 2969 3222 invicem
3001 3181 3166 3240 prae-

550 3253 734 3311 dicari
781 3253 1028 3328 possint.
1094 3253 1187 3311 Ad
1238 3253 1380 3311 haec
1431 3266 1495 3316 c.
1548 3253 1722 3328 panis
1777 3253 1827 3311 si
1874 3252 2244 3329 hypostatice
2290 3272 2324 3310 a
2356 3252 2546 3311 Verbo
2578 3255 3001 3322 assumeretur,
3051 3270 3171 3310 non

549 3344 862 3418 propterea
889 3344 1097 3417 posset
1127 3341 1245 3401 dici
1278 3360 1490 3418 corpus
1532 3359 1640 3400 seu
1686 3361 1821 3400 caro
1853 3341 2089 3409 Christi,
2141 3340 2363 3400 nedum
2407 3341 2513 3399 illa
2560 3341 2778 3399 Christi
2824 3360 2972 3412 caro,
3020 3358 3172 3416 quae

551 3449 655 3507 pro
687 3431 896 3489 mundi
929 3431 1058 3491 vita
1087 3430 1265 3490 datur
1295 3430 1467 3491 Joan.
1503 3442 1558 3498 6,
1599 3439 1714 3501 52;
1762 3449 1957 3506 neque
1988 3430 2198 3489 vinum
2231 3430 2475 3507 sanguis
2521 3429 2642 3500 ille,
2690 3430 2797 3505 qui
2843 3449 2953 3506 pro
2999 3428 3171 3488 nobis

549 3520 877 3579 effunditur
909 3521 972 3579 in
1003 3521 1407 3580 remissionem
1439 3523 1813 3596 peccatorum
1844 3520 2054 3578 Matth.
2091 3528 2193 3588 26,
2232 3528 2345 3590 283
2380 3519 2483 3577 sed
2516 3519 2687 3594 panis
2719 3521 2781 3577 et
2810 3520 3018 3578 vinum
3049 3537 3169 3577 ma·

549 3614 760 3668 nerent
792 3609 950 3684 quod
972 3613 1132 3681 sunt,
1166 3611 1325 3668 sieut
1358 3628 1488 3668 caro
1522 3613 1584 3667 et
1615 3609 1862 3686 sanguis
1883 3608 2255 3684 hypostatice
2276 3611 2623 3683 assumptus
2645 3611 2993 3667 manserunt
3011 3606 3171 3684 quod

551 3701 720 3757 erant
753 3700 1079 3759 secundum
1114 3718 1281 3758 suam
1314 3702 1590 3756 naturam
1622 3716 1755 3756 caro
1789 3698 1916 3756 scil.
1952 3699 2014 3755 et
2046 3696 2307 3774 sanguis,
2375 3697 2644 3772 Denique
2691 3692 2759 3761 (l.
2793 3697 2962 3755 nulla
2992 3697 3170 3754 habe-

550 3791 717 3846 retur
734 3789 885 3847 mira
914 3791 976 3847 et
1006 3788 1329 3864 singularis
1351 3787 1655 3846 conversio
1675 3788 1846 3862 panis
1877 3789 1938 3845 et
1967 3786 2091 3844 vini
2125 3786 2188 3844 in
2221 3804 2433 3862 corpus
2468 3789 2530 3844 et
2560 3786 2912 3861 sanguinem
2934 3785 3171 3856 Christi,

550 3880 731 3951 prout
761 3878 1042 3937 revelatio
1073 3880 1196 3936 tam
1229 3877 1384 3935 clare
1416 3876 1605 3945 docet,
1641 3876 1742 3935 sed
1763 3876 2032 3934 Christus
2054 3875 2325 3950 quotidie
2343 3894 2584 3945 novum,
2620 3875 2739 3933 imo
2770 3876 2964 3933 multa
2983 3875 3171 3951 hypo·

551 3965 759 4025 statice
791 3968 1119 4026 assumeret
1163 3983 1402 4041 corpora
1448 3982 1554 4023 seu
1599 3983 1800 4039 panes,
1848 3968 1997 4039 quot
2040 3965 2165 4022 scil.
2211 3982 2394 4040 panes
2441 3967 2939 4035 consecrarentur,
2988 3982 3173 4039 eaque

550 4055 768 4114 iterum
793 4056 1027 4133 jugiter
1056 4059 1313 4124 exueret,
1348 4054 1510 4129 quod
1539 4057 1633 4112 est
1662 4054 2007 4114 absurdum.
3176 4057 3193 4068 ⁸

772 4316 807 4384 ¹)
835 4314 988 4367 Haec
1004 4317 1195 4368 tamen
1215 4314 1411 4384 opinio
1429 4313 1657 4368 videtur
1673 4312 1926 4366 arrisisse
1955 4312 2052 4365 Ru
2070 4331 2105 4382 p
2122 4329 2149 4365 e
2164 4319 2268 4366 rto
2297 4310 2582 4366 Tuitiensi
2599 4317 2644 4382 (†
2665 4317 2821 4384 1135)
2849 4311 2908 4365 in
2925 4311 2957 4365 J
2962 4329 3010 4366 ο.
3026 4319 3074 4376 6,
3090 4318 3173 4372 25,

551 4392 862 4446 secundum
892 4411 1061 4462 quem
1090 4394 1171 4447 ita
1198 4393 1450 4448 Verbum
1477 4410 1578 4463 per
1604 4393 2088 4446 consecrationem
2105 4392 2347 4449 assumit
2360 4392 2420 4446 in
2439 4391 2785 4445 eucharistia
2801 4408 3009 4462 panem
3025 4391 3176 4445 siout

552 4473 611 4526 in
639 4473 1034 4528 incarnatione
1062 4477 1327 4527 naturam
1353 4475 1682 4528 humanam.
1710 4473 1842 4528 ldeo
1870 4477 2062 4526 autem
2091 4475 2298 4534 censet,
2321 4489 2527 4542 corpus
2546 4489 2862 4542 panaceum
2880 4470 2996 4525 dici
3011 4488 3173 4540 posse

549 4571 732 4606 unum
758 4571 888 4607 cum
916 4571 1148 4624 corpore
1176 4555 1245 4608 de
1277 4553 1510 4624 Virgine
1541 4557 1693 4618 nato,
1721 4555 1859 4622 quia
1886 4571 2066 4606 unum
2094 4556 2181 4607 est
2205 4552 2568 4622 suppositum
2597 4552 2898 4619 utriusque
2933 4557 2990 4604 et
3025 4569 3173 4605 unus

548 4637 636 4687 est
661 4632 940 4698 Christus,
967 4634 1071 4701 qui
1098 4637 1408 4702 utrumque
1436 4633 1762 4703 assumpsit.
1793 4632 1875 4688 cf.
1904 4632 1947 4685 B
1965 4631 2108 4687 illo
2131 4636 2155 4684 t
2180 4632 2242 4686 in
2271 4639 2321 4688 3.
2349 4652 2404 4702 p.
2431 4648 2485 4699 q.
2513 4636 2579 4688 75
2608 4641 2634 4697 ξ
2666 4640 2690 4687 1
2715 4653 2726 4685 :
2777 4631 3006 4702 Alger
3025 4650 3061 4685 u
3079 4648 3104 4684 s
3133 4631 3175 4694 I,

550 4721 600 4777 6,
626 4718 677 4767 8.
729 4712 847 4767 Alii
875 4717 1067 4766 tamen
1093 4713 1364 4767 nituntur
1389 4731 1518 4768 eum
1548 4729 1813 4768 excusare
1840 4714 1914 4767 ab
1941 4730 2005 4767 eo
2037 4729 2240 4776 errore,
2269 4716 2334 4766 ut
2361 4713 2407 4766 G
2426 4729 2498 4765 er
2517 4713 2552 4765 b
2571 4728 2599 4764 e
2621 4729 2692 4766 ro
2714 4731 2747 4764 n
2795 4711 2949 4765 edita
2977 4728 3081 4781 pro
3109 4728 3173 4764 eo

561 4794 834 4864 apologia
861 4799 919 4848 et
945 4794 991 4847 D
1011 4813 1042 4848 ο
1059 4813 1096 4863 y
1116 4811 1145 4847 e
1164 4813 1199 4846 u
1228 4795 1320 4847 die
1350 4793 1868 4848 Eucharistielehre
1900 4792 1962 4846 R.
1990 4810 2100 4847 von
2128 4791 2175 4845 D
2194 4809 2222 4845 e
2243 4811 2277 4845 u
2296 4796 2379 4858 tz,
2408 4791 2576 4845 Met-is
2607 4796 2759 4848 1889.
