3538 5364
550 256 682 322 640
883 247 1069 301 Tract.
1094 248 1161 301 X.
1188 248 1257 301 de
1285 246 1402 303 Deo
1429 251 1902 304 consummatore.
1930 250 2091 304 Aliae
2119 249 2338 317 quaest.
2367 247 2437 301 de
2464 246 2842 301 beatitudine.

547 431 761 518 tibus).
823 433 1007 492 Aliud
1052 437 1146 493 est
1190 435 1347 493 enim
1391 453 1510 494 non
1543 435 1756 495 debere
1788 435 2022 507 habere,
2055 435 2216 510 quod
2246 453 2367 493 non
2398 434 2577 493 habet
2606 435 2895 493 rationem
2927 451 3172 510 poenae,

547 525 649 585 sed
680 524 978 593 defectus;
1010 525 1073 582 et
1103 522 1267 582 aliud
1299 522 1512 583 debere
1543 543 1661 583 non
1694 524 1927 596 habere,
1963 523 2121 600 quod
2154 524 2332 582 habet
2362 523 2654 582 rationem
2683 529 2966 599 poenae.‘

724 646 792 713 2.
844 650 906 708 Si
953 649 1226 724 loquitur
1268 648 1342 709 de
1385 649 1612 709 visione
1657 650 1866 709 stricto
1910 668 2085 709 sensu
2129 648 2543 719 beatifica,
2595 647 2713 706 dici
2758 650 2976 724 potest,
3028 668 3161 708 eum

544 739 710 816 loqui
742 740 805 799 in
836 737 1155 816 hypothesi
1186 757 1366 813 prae
1384 739 1594 797 senti
1611 757 1638 797 s
1670 738 1916 817 ordinis
1949 738 2271 815 Supposita
2300 737 2463 797 enim
2481 737 2879 796 destinatione
2911 737 2984 796 ad
3017 739 3169 797 hanc

546 828 1000 899 beatitudinem,
1038 827 1261 903 poterit
1291 827 1465 887 homo
1495 827 1754 888 rationis
1788 828 2111 903 directione
2142 827 2480 903 appetitum
2511 826 2629 885 sibi
2658 826 2909 885 insitum
2942 826 3004 886 in
3034 846 3171 887 eam

546 917 804 995 dirigere
834 918 899 977 in
930 935 1177 992 eamque
1207 917 1483 993 appetitu
1513 916 1793 976 elicito
1822 917 2084 989 tendere,
2117 917 2263 977 adeo
2292 918 2367 975 ut
2397 915 2603 974 infelix
2634 915 2806 987 foret,
2856 915 2909 973 si
2956 916 3014 976 ei
3046 935 3169 977 non

545 1007 879 1068 satisfieret.
929 1045 956 1075 ,
971 1004 1253 1074 Quamvis
1285 1024 1354 1065 ex
1385 1006 1651 1066 naturali
1681 1006 2085 1076 inclinatione,
2120 1005 2321 1082 inquit
2351 1023 2397 1064 s.
2427 1004 2637 1064 doctor
2667 1004 2732 1063 in
2768 1014 2823 1066 4.
2857 1003 2917 1063 d.
2940 1016 3023 1069 49
3045 1025 3100 1082 q.
3128 1019 3153 1070 l

543 1117 593 1156 a.
617 1107 652 1160 3
675 1096 750 1155 ad
774 1106 829 1167 3,
864 1096 1142 1155 voluntas
1174 1095 1405 1167 habeat,
1437 1098 1510 1154 ut
1541 1095 1607 1154 in
1639 1095 2075 1155 beatitudinem
2093 1096 2320 1155 feratur
2338 1093 2665 1153 secundum
2697 1112 2728 1152 0
2744 1111 3167 1155 ommunem

541 1186 863 1246 rationem:
897 1188 1100 1244 tamen
1129 1184 1292 1261 quod
1324 1184 1550 1244 feratur
1592 1186 1658 1244 in
1701 1184 2139 1245 beatitudinem
2170 1185 2351 1244 talem
2382 1184 2478 1242 vel
2508 1183 2705 1255 talem,
2753 1183 2863 1242 hoc
2906 1202 3027 1243 non
3071 1188 3174 1244 eat-

541 1295 611 1334 ex
655 1274 1037 1334 inclinatione
1080 1277 1347 1344 naturae,
1394 1274 1500 1334 sed
1546 1293 1653 1350 per
1698 1274 2085 1334 directionem
2117 1273 2387 1345 rationiS,
2434 1292 2585 1348 quae
2622 1272 2932 1332 adinvenit
2971 1274 3070 1333 vel
3098 1276 3162 1334 in

543 1366 652 1425 hoc
695 1364 793 1424 vel
835 1364 900 1422 in
944 1363 1051 1422 illo
1082 1382 1382 1422 summum
1411 1364 1637 1423 bonum
1667 1363 1925 1423 hominis
1957 1366 2287 1423 constare.‘
2352 1363 2429 1421 Et
2474 1362 2548 1421 de
2594 1362 2765 1421 verit.
2799 1380 2855 1437 q.
2891 1371 2971 1426 22
3006 1383 3057 1423 a.
3096 1375 3165 1427 7:

546 1453 831 1524 ,Homini
861 1451 1093 1511 inditus
1123 1455 1218 1511 est
1247 1453 1551 1528 appetitus
1580 1453 1785 1512 ultimi
1817 1453 1953 1512 finis
1985 1452 2080 1512 sui
2112 1453 2177 1510 in
2209 1452 2541 1511 communi:
2572 1454 2646 1510 ut
2676 1450 2903 1511 scilieet
2922 1455 3175 1529 appetat

542 1543 914 1612 naturaliter,
963 1560 1027 1600 se
1073 1559 1202 1601 esse
1239 1542 1602 1617 completum
1634 1543 1697 1600 in
1729 1542 2014 1605 bonitate.
2084 1542 2196 1602 Sed
2240 1543 2306 1600 iu
2353 1559 2472 1616 quo
2516 1541 2632 1599 ista
2675 1540 2995 1616 completio
3027 1560 3175 1602 con·

544 1633 736 1703 sistat,
782 1635 987 1690 utrum
1019 1630 1083 1688 iu
1114 1630 1463 1701 virtutibus,
1514 1632 1610 1690 vel
1660 1632 1947 1702 scientiis,
1999 1632 2093 1691 vel
2138 1630 2612 1700 delectabilibuS,
2659 1630 2758 1689 vel
2801 1629 3167 1705 hujusmodi,

542 1738 664 1781 non
694 1723 789 1780 est
819 1721 875 1779 ei
906 1718 1365 1779 determinatum
1410 1740 1444 1778 a
1488 1723 1719 1779 natura.
1788 1719 2035 1789 Quando
2067 1739 2207 1797 ergo
2238 1739 2307 1779 ex
2353 1719 2592 1796 propria
2622 1719 2871 1789 ratione,
2919 1719 3163 1796 adjutus

541 1811 747 1870 divina
776 1810 986 1887 gratia,
1037 1808 1431 1885 apprehendit
1462 1809 1689 1884 aliquid
1721 1810 1976 1885 speciale
2008 1809 2249 1881 bonum,
2295 1812 2367 1868 ut
2399 1827 2568 1867 suam
2599 1808 3055 1881 beatitudinem,
3103 1811 3175 1869 in

542 1917 662 1977 quo
692 1918 829 1959 vere
861 1917 971 1957 sua
998 1897 1308 1957 beatitudo
1340 1898 1641 1968 consistit3
1687 1902 1835 1958 tunc
1864 1902 2145 1970 meretur,
2180 1918 2300 1958 non
2331 1917 2399 1957 ex
2432 1898 2540 1956 hoc
2571 1897 2728 1974 quod
2762 1898 2991 1975 appetit
3023 1899 3169 1959 bea·

540 1988 880 2059 titudinem,
915 2006 1093 2063 quam
1125 1988 1481 2046 naturaliter
1510 1988 1771 2063 appetit-3
1818 1988 1919 2047 sed
1965 2007 2034 2046 ex
2080 1988 2205 2059 hoc,
2253 1987 2411 2064 quod
2458 1987 2688 2063 appetit
2732 1987 2844 2047 hoc
2890 1988 3172 2064 speciale,

542 2078 703 2154 quod
733 2097 853 2137 non
898 2077 1254 2136 naturaliter
1286 2076 1535 2153 appetit,
1581 2081 1653 2135 ut
1697 2076 1992 2136 visionem
2038 2077 2161 2148 Dei,
2207 2078 2271 2135 in
2316 2095 2435 2152 quo
2481 2080 2683 2135 tamen
2716 2077 3047 2136 secundum
3078 2080 3166 2137 rei

541 2168 851 2227 veritatem
884 2184 994 2225 sua
1023 2165 1331 2225 beatitudo
1363 2165 1696 2226 consistit.‘
1765 2167 1847 2226 cf.
1879 2167 1951 2225 de
1981 2166 2271 2225 Rubeis
2305 2166 2378 2224 de
2409 2184 2567 2241 pecc.
2601 2166 2751 2244 orig.
2781 2184 2828 2229 0.
2864 2176 2966 2231 38.

719 2291 782 2357 3.
813 2292 950 2351 Non
970 2290 1297 2350 diffitemur
1326 2309 1394 2349 ea
1414 2290 1668 2357 subinde
1689 2290 1973 2350 Thomam
2003 2291 2114 2350 hoc
2143 2290 2207 2348 in
2239 2292 2590 2367 argumento
2624 2290 2718 2349 uti
2752 2291 3038 2367 loquendi
3070 2312 3171 2351 ra·

539 2382 719 2453 tione,
767 2400 918 2457 quae
961 2399 1122 2439 nunc
1165 2383 1408 2456 propter
1441 2379 2092 2456 jansenianorum
2137 2397 2369 2439 errores
2415 2381 2476 2437 et
2519 2379 2743 2438 abusus
2775 2380 2926 2439 forte
2963 2381 3167 2440 minus

539 2473 817 2530 accurata
847 2472 907 2529 et
938 2472 1109 2528 cauta
1138 2469 1319 2529 foret:
1354 2470 1616 2546 adeoque
1648 2470 1709 2528 in
1741 2488 1811 2528 eo
1842 2468 2289 2545 interpretando
2310 2486 2549 2527 normae
2581 2469 2774 2528 instar
2804 2489 2943 2546 prae
2977 2471 3175 2529 oculis

483 2584 494 2593 ·
540 2560 813 2620 habenda
842 2577 970 2619 esse
1002 2558 1297 2618 Ecclesiae
1319 2557 1552 2634 judicia
1580 2558 1647 2616 in
1677 2577 1904 2617 errores
1937 2560 2090 2617 circa
2120 2558 2271 2618 hanc
2302 2558 2610 2617 materiam
2642 2559 2782 2617 lata.

721 2714 866 2768 684.
911 2701 1075 2760 Alias
1114 2705 1473 2779 quaestiones
1517 2704 1586 2760 de
1631 2703 1979 2761 beatitudine
2010 2702 2254 2761 minoris
2288 2702 2574 2761 momenti
2606 2702 3169 2778 praetermittimus,

540 2793 872 2871 cujusmodi
905 2794 1078 2851 sunt:
1133 2786 1193 2853 l.
1239 2791 1394 2861 Quid
1435 2790 1680 2851 videant
1708 2792 1869 2851 beati
1900 2794 2136 2868 praeter
2167 2791 2429 2850 divinam
2461 2791 2779 2850 essentiam
2810 2791 3175 2869 divinasque

538 2900 820 2960 personas
853 2884 914 2940 et
943 2880 1352 2957 proprietates.
1418 2881 1765 2940 Tenendum
1797 2885 1907 2953 est,
1950 2900 2050 2941 eos
2085 2882 2260 2957 plura
2292 2881 2411 2940 alia
2442 2880 2661 2951 videre,
2695 2882 3044 2956 praesertim
3077 2901 3164 2953 ea,

539 2991 694 3050 quae
725 2972 894 3048 prius
933 2970 1296 3029 revelatione
1326 2969 1519 3028 innixi
1552 2970 1869 3042 credidere,
1916 2989 2132 3046 resque
2178 2973 2421 3044 creatae,
2474 2970 2536 3028 in
2587 2969 2808 3046 quibus
2861 2970 3174 3031 illustrius

539 3062 776 3121 divinae
820 3059 1122 3136 refulgent
1164 3058 1558 3135 perfectiones
1606 3062 1667 3118 et
1714 3079 1968 3135 quarum
2018 3060 2277 3138 cognitio
2326 3078 2533 3126 eorum
2586 3059 2848 3118 multum
2891 3059 3166 3119 interest.

539 3151 623 3216 cf,
655 3150 976 3208 Lessius
1008 3148 1083 3218 II,
1122 3159 1156 3210 9
1191 3167 1267 3218 a.;
1302 3148 1585 3208 Suarez
1616 3150 1689 3208 de
1722 3150 1843 3208 Deo
1875 3150 1950 3220 ΙΙ,
1989 3158 2088 3212 28.
2152 3150 2239 3208 De
2270 3147 2462 3219 modo,
2512 3167 2633 3224 quo
2664 3148 2824 3207 beati
2855 3152 3169 3208 creaturas

537 3239 761 3309 vident,
796 3238 866 3298 cf.
899 3239 1248 3296 Becanus
1279 3237 1462 3297 theol.
1495 3238 1674 3298 schol.
1707 3258 1763 3314 p.
1805 3250 1830 3300 1
1870 3241 1945 3296 tr.
1986 3249 2011 3300 1
2054 3238 2126 3297 de
2159 3239 2280 3297 Deo
2314 3257 2359 3296 0.
2396 3247 2430 3299 9
2466 3256 2521 3311 q.
2565 3247 2659 3300 13.

716 3359 782 3425 2.
821 3361 1154 3433 Quaeritur,
1188 3381 1332 3420 num
1364 3361 1672 3421 beatitudo
1705 3363 1997 3422 consistat
2027 3362 2091 3422 in
2124 3364 2250 3422 sola
2279 3362 2630 3421 visione?
2664 3362 2834 3437 Resp.
2856 3380 2985 3420 eam
3006 3380 3173 3421 com·-

537 3451 923 3528 plectietiam
956 3468 1283 3509 amorem
1317 3453 1378 3509 et
1408 3451 1795 3528 gaudium.
1829 3452 2350 3522 Cf.LessiusII,
2377 3462 2446 3521 53
2481 3450 2909 3509 PeschIHn.
2934 3461 3061 3515 443
3085 3471 3166 3511 00.

717 3573 783 3640 3.
819 3575 932 3635 Sed
955 3576 1084 3651 jam
1113 3576 1262 3635 acris
1294 3576 1488 3635 oritur
1505 3577 1922 3648 controversia,
1957 3579 2016 3636 in
2048 3596 2167 3653 quo
2188 3579 2326 3636 actu
2344 3577 2585 3652 proprie
2617 3580 2679 3635 et
2711 3575 2741 3632 f
2749 3576 3120 3637 ormalite
3138 3598 3177 3636 r

535 3667 822 3726 consistat
850 3665 1184 3736 beatitudo,
1233 3667 1294 3724 et
1338 3665 1436 3724 cui
1487 3666 1702 3725 horum
1751 3671 1993 3726 actuum
2041 3665 2401 3725 tribuendus
2450 3665 2533 3724 sit
2577 3665 2888 3741 primatus.
2955 3665 3175 3725 Varias

535 3756 861 3815 sententias
892 3757 1156 3813 recenset
1186 3754 1586 3832 expanditque
1618 3754 1951 3831 Ripalda
1982 3757 2054 3815 de
2086 3758 2223 3814 ente
2253 3757 2554 3831 supernat.
2587 3754 2738 3830 disp.
2782 3765 2921 3817 100.
2988 3756 3171 3815 Prae·

536 3846 730 3920 placet
759 3841 930 3905 nobis
962 3843 1262 3902 sententia
1293 3843 1561 3915 Lessii,
1595 3844 1701 3921 qui
1734 3864 1781 3904 0.
1806 3856 1839 3908 6
1874 3846 2067 3904 varias
2099 3844 2172 3902 ad
2205 3845 2571 3903 harmoniam
2591 3846 2828 3904 revocat
2848 3844 3173 3921 opiniones

536 3936 826 4003 statuens,
860 3932 1150 4010 potiorem
1183 3950 1312 3991 esse
1344 3934 1718 3993 visionem
1738 3982 1752 4009 ‚
1803 3935 1854 3993 si
1883 3934 2036 3993 ratio
2067 3934 2322 3993 habetur
2351 3933 2732 4009 perfectionis
2764 3933 3079 4009 physicae3
3115 3934 3167 3992 si

534 4023 775 4082 honoris
809 4023 934 4093 Dei,
966 4040 1322 4091 amorem;
1356 4023 1409 4080 si
1439 4023 1580 4082 boni
1611 4023 1869 4098 denique
1899 4023 2091 4100 ipsius
2122 4023 2301 4094 beati,
2335 4023 2725 4100 gaudium.

712 4142 777 4212 4.
810 4146 1134 4219 Quaerunt,
1152 4167 1297 4206 num
1329 4148 1723 4223 inaequalitas
1755 4149 2023 4219 visionis,
2057 4167 2210 4225 quae
2242 4151 2402 4207 certo
2421 4149 2724 4223 tamquam
2756 4167 2791 4205 a
2821 4165 2997 4205 causa
3029 4167 3166 4224 pro-

534 4237 690 4295 xima
720 4239 781 4295 et
812 4236 1059 4312 physica
1089 4236 1312 4313 pendet
1341 4236 1415 4295 ab
1446 4237 1872 4311 inaequalitate
1891 4237 2157 4309 luminis,
2193 4238 2405 4297 saltem
2439 4256 2509 4295 ex
2541 4239 2762 4314 parte
2795 4236 2936 4295 oriri
2971 4238 3173 4312 possit

532 4326 714 4385 etiam
746 4344 815 4384 ex
846 4326 1273 4402 inaequalitate
1303 4326 1686 4401 perfectionis
1719 4328 1998 4404 physicae
2031 4327 2389 4389 intellectus,
2454 4327 2652 4403 Negat
2683 4326 2963 4385 Suarez
2995 4344 3043 4385 c.
3061 4321 3115 4388 '2
3133 4338 3158 4388 l

535 4412 822 4473 adversus
857 4415 1168 4474 Scotum
1199 4416 1264 4473 in
1299 4425 1353 4479 4.
1388 4416 1526 4474 dist.
1564 4425 1665 4479 50.
1732 4417 1814 4475 Of.
1845 4418 2195 4476 Becanus
2228 4435 2282 4492 q.
2327 4429 2421 4480 10.

711 4534 778 4600 5.
813 4539 1136 4611 Quaerunt,
1170 4559 1316 4598 num
1340 4540 1403 4598 in
1447 4541 1675 4600 visione
1706 4541 1977 4600 beatifica
2007 4543 2204 4600 locum
2235 4542 2449 4600 habeat
2479 4540 2702 4616 species
2749 4539 2842 4597 im
2859 4558 2993 4615 pre
3011 4558 3038 4597 s
3054 4559 3082 4598 0
3098 4559 3169 4611 a,

533 4626 694 4700 quod
725 4644 756 4683 c
771 4645 804 4685 o
820 4648 879 4685 m
895 4647 954 4686 m
969 4647 1011 4686 u
1026 4647 1067 4687 n
1083 4629 1104 4687 i
1122 4632 1147 4686 t
1162 4647 1193 4687 0
1208 4649 1238 4687 r
1267 4630 1531 4706 theologi
1549 4633 1774 4707 negant
1790 4652 1804 4701 ;
1838 4631 1931 4689 vel
1951 4633 2161 4690 saltem
2194 4650 2226 4689 0
2242 4651 2276 4689 x
2292 4651 2331 4707 p
2349 4650 2380 4688 r
2396 4649 2427 4688 e
2443 4649 2471 4688 0
2487 4648 2514 4687 0
2532 4650 2566 4687 a
2597 4647 2704 4689 seu
2724 4628 2973 4688 verbum
2994 4648 3162 4688 men-

534 4714 613 4773 tis
645 4715 777 4791 ipsa
806 4715 1035 4775 visione
1066 4735 1428 4793 expressum,
1476 4720 1636 4795 quod
1669 4719 1773 4778 alii
1806 4739 1941 4779 cum
1972 4720 2031 4777 M
2047 4741 2081 4779 a
2095 4740 2137 4779 u
2152 4740 2183 4778 r
2197 4738 2231 4778 ο
2264 4738 2356 4795 op.
2389 4719 2568 4778 theol.
2601 4718 2642 4781 l.
2682 4728 2707 4779 1
2749 4737 2804 4792 q.
2842 4727 2944 4793 30,
2997 4716 3033 4775 S
3051 4718 3072 4776 i
3092 4718 3114 4775 l
3135 4749 3165 4762 ·
