3538 5364
1374 294 1447 347 ad
1475 294 1554 349 sol
1565 294 1776 348 vendas
1803 294 2187 349 difficultates.
2955 303 3081 367 331

655 481 957 541 Praeclara
986 484 1129 540 sunt
1158 480 1232 538 ad
1261 484 1461 556 patres
1493 480 1878 540 vindicandos
1923 481 2106 540 verba
2136 481 2507 539 Guilelmi
2537 481 2626 538 ab.
2662 499 2707 539 s.
2741 480 3085 539 Theodorici

474 574 540 630 in
572 572 610 635 l.
643 571 715 630 de
747 587 992 647 corpore
1022 573 1083 628 et
1114 571 1403 647 sanguine
1434 569 1672 629 Domini
1704 588 1750 629 c.
1795 582 1857 632 11
1915 564 2035 651 (Mi
2048 589 2104 647 g.
2147 580 2287 639 180,
2324 566 2509 649 359):
2577 568 2772 639 ,Quia
2802 569 2875 627 ab
2907 570 3084 628 initio

475 680 522 719 s.
552 660 848 719 Ecclesiae
879 678 1072 735 usque
1103 660 1177 718 ad
1209 664 1413 718 nostra
1442 679 1628 736 paene
1657 664 1926 735 tempora
1971 659 2111 717 haec
2142 659 2217 717 ab
2249 658 2527 718 omnibus
2561 658 2831 734 quaestio
2860 659 3085 717 intacta

472 750 680 809 relicta
709 752 820 821 est,
852 768 928 809 ss.
962 751 1163 824 patres
1213 748 1373 824 quod
1422 767 1543 807 non
1592 749 2076 825 impugnabatur,
2121 767 2243 807 non
2294 747 2703 817 defendebant,
2755 747 2873 805 nisi
2921 748 3085 822 quod

470 838 792 915 aliquando
826 838 889 896 in
921 838 1280 897 tractatibus
1312 838 1438 897 suis
1469 838 1579 896 hoc
1610 838 1748 896 inde
1783 837 2179 914 proferebant,
2212 837 2375 912 quod
2409 855 2500 895 res
2533 836 2895 913 postulabat,
2930 856 3081 911 quae

471 928 536 986 in
568 928 841 986 manibus
874 927 1219 987 habebatur.
1284 926 1451 996 Quod
1497 928 1638 1003 quia
1669 927 2122 1003 quaestionibus
2154 944 2274 985 non
2305 925 2716 1001 respondebat,
2751 944 2902 1001 quae
2933 944 3081 983 non-

470 1017 616 1076 dum
646 1021 832 1088 erant,
865 1036 1077 1092 parum
1109 1016 1282 1076 modo
1314 1016 1584 1075 sufficere
1614 1016 1857 1075 videtur
1884 1017 1958 1074 ad
1991 1034 2109 1086 eas,
2141 1033 2277 1074 cum
2309 1018 2656 1091 exsurgunt,
2710 1032 3082 1091 compescen-

470 1107 595 1165 das.
657 1107 874 1165 Contra
906 1124 1071 1181 quas,
1108 1106 1250 1178 quia
1279 1108 1426 1164 tunc
1456 1123 1577 1164 non
1607 1105 1900 1182 vigilabat
1945 1105 2202 1164 intentio
2233 1123 2459 1173 eorum,
2492 1104 2752 1180 plurima
2784 1104 2855 1162 de
2888 1122 3079 1162 sacra-

468 1195 686 1253 mentis
731 1196 949 1253 sanctis
1002 1189 1294 1275 (corporis
1344 1198 1406 1252 et
1458 1195 1771 1270 sanguinis
1803 1191 2066 1276 Domini)
2117 1195 2177 1251 in
2228 1194 2467 1267 scriptis
2513 1193 2640 1252 suis
2685 1192 3079 1269 reliquerunt,

470 1303 621 1360 quae
652 1303 758 1342 suo
790 1285 934 1354 loco,
969 1301 1078 1343 suo
1113 1302 1293 1342 sensu
1325 1283 1474 1342 bene
1506 1283 1680 1352 dicta,
1714 1284 1789 1342 ab
1822 1284 1923 1353 eis,
1972 1284 2076 1360 qui
2108 1283 2461 1341 contendere
2505 1281 2602 1341 vel
2633 1300 2830 1341 errare
2860 1288 3079 1351 amant,

468 1377 644 1432 eruta
662 1373 735 1431 de
754 1373 902 1432 locis
921 1372 1047 1431 suis
1079 1372 1243 1430 aliud
1275 1392 1382 1447 per
1412 1391 1474 1431 se
1505 1372 1791 1431 videntur
1823 1390 2047 1441 sonare,
2082 1391 2263 1447 quam
2293 1370 2377 1429 ibi
2411 1375 2641 1441 sonent,
2662 1371 2821 1430 unde
2842 1375 3081 1446 sumpta

467 1467 627 1531 sunt,
660 1465 723 1521 et
753 1481 931 1538 quam
964 1460 1236 1530 senserit,
1270 1462 1377 1537 qui
1408 1462 1629 1521 scribit.
1692 1461 1806 1520 Sed
1852 1466 1913 1520 et
1956 1462 2149 1521 multa
2193 1461 2266 1519 de
2319 1460 2522 1519 eadem
2554 1480 2617 1519 re
2648 1460 2721 1519 ab
2753 1460 2839 1518 eis
2872 1460 3082 1518 relicta

469 1558 630 1619 sunt,
664 1570 814 1627 quae
845 1551 993 1609 bene
1026 1551 1184 1609 dicta
1215 1551 1317 1609 sed
1349 1552 1680 1621 obscurius,
1727 1555 1941 1627 utpote
1986 1552 2061 1609 ab
2105 1551 2209 1621 eis,
2258 1550 2365 1625 qui
2396 1553 2468 1608 ut
2501 1549 2768 1608 homines
2799 1552 3082 1609 venturas

467 1659 671 1699 omnes
702 1659 904 1698 eorum
937 1641 1262 1699 calumnias
1311 1658 1432 1699 non
1481 1643 1762 1716 poterant
1810 1640 2170 1716 praevidere,
2222 1640 2373 1698 male
2424 1639 2725 1697 intellecta
2769 1639 3077 1697 materiam

469 1728 703 1787 errandi
732 1729 830 1788 vel
848 1728 1244 1788 contendendi
1267 1729 1518 1805 perditis
1553 1729 1835 1788 videntur
1865 1733 2164 1805 praestare
2197 1773 2210 1787 .
2242 1776 2257 1790 .
2291 1772 2304 1785 .
2352 1728 2522 1797 Quod
2555 1728 2609 1786 b.
2641 1727 2983 1804 Augustino
3015 1727 3080 1785 in

469 1818 674 1877 multis
705 1817 989 1876 accidisse
1021 1837 1141 1877 non
1170 1818 1421 1895 ignorat,
1457 1818 1561 1894 qui
1593 1818 1883 1877 librorum
1914 1819 2043 1894 ejus
2088 1817 2404 1876 lectionem
2446 1817 2795 1875 familiarem
2839 1817 3077 1875 habet.‘

646 1919 711 1986 3.
747 1919 1186 2000 Distinguatur
1218 1918 1454 2002 duplex
1485 1919 1565 1983 de
1596 1919 1792 1984 rebus
1824 1920 2124 2002 loquendi
2145 1919 2407 1984 modus:
2440 1919 2602 1983 alter
2620 1918 2911 1999 sequitur
2929 1936 3078 1981 sen-

468 2047 579 2090 sus
612 2045 726 2091 seu
758 2027 1228 2109 phaenomena,
1276 2044 1441 2109 quae
1488 2026 1783 2090 sensibus
1832 2033 1982 2091 sunt
2013 2026 2319 2108 subJecta,
2370 2032 2833 2107 externamque
2864 2042 3078 2089 rerum

466 2135 778 2216 speciem;
830 2133 991 2198 alter
1024 2132 1409 2219 obJectivam
1450 2133 1543 2197 rei
1575 2134 1927 2208 veritatem,
1962 2134 2270 2197 scientiae
2302 2131 2576 2213 fideique
2608 2149 2920 2206 normam,
2969 2131 3078 2214 qui

463 2242 748 2323 priorem
790 2259 985 2321 saepe
1031 2240 1303 2321 corrigit.
1369 2240 1463 2304 lta
1511 2241 1863 2303 secundum
1912 2239 2195 2321 speciem
2242 2237 2464 2303 stellas
2511 2256 2762 2320 parvas,
2810 2257 3077 2319 magnas

464 2347 820 2413 secundum
864 2348 954 2412 rei
988 2347 1324 2412 veritatem
1376 2347 1659 2410 dicimus.
1724 2344 1934 2431 Saepe
1969 2365 2122 2410 vero
2154 2344 2478 2425 contingit,
2525 2352 2597 2407 ut
2627 2345 2818 2409 iidem
2852 2346 2931 2410 de
2964 2364 3075 2410 ea-

464 2455 613 2520 dem
644 2473 714 2519 re
748 2473 917 2518 nunc
949 2454 1159 2536 priori,
1191 2454 1533 2534 posteriori
1564 2471 1734 2517 nunc
1767 2460 2029 2517 utantur
2058 2471 2291 2533 genere
2319 2454 2636 2537 loquendi.
2671 2451 3078 2535 Quapropter

465 2569 682 2643 patres
713 2562 909 2625 modo
942 2568 1284 2645 sequentes
1316 2562 1848 2626 consuetudinem
1880 2563 2231 2624 humanam
2256 2562 2442 2643 juxta
2462 2580 2765 2625 sensuum
2788 2561 3075 2641 phaeno-

466 2687 658 2736 mena
703 2668 1160 2735 eucharistiam
1207 2668 1530 2733 vocabant
1576 2687 1844 2750 panem,
1893 2667 2086 2733 modo
2119 2668 2304 2750 juxta
2336 2667 2479 2733 fidei
2513 2667 2729 2732 lumen
2761 2667 2934 2730 hunc
2980 2664 3075 2731 lo-

467 2776 704 2858 quendi
736 2795 920 2839 usum
954 2777 1349 2857 corrigentes
1369 2776 1687 2850 dicebant,
1708 2794 1853 2840 eam
1874 2794 2019 2840 esse
2039 2776 2247 2858 ipsum
2271 2775 2507 2840 Christi
2526 2793 2776 2856 corpus,
2810 2776 3079 2856 Insuper

642 2886 707 2953 4.
739 2889 1216 2946 sacramentum
1251 2883 1677 2949 eucharistiae
1715 2883 1951 2965 duplici
1970 2890 2228 2947 constat
2250 2882 2584 2958 elementO,
2621 2880 2944 2946 visibili
2976 2882 3075 2945 ni-

474 2991 719 3067 mirum,
737 2989 910 3072 quod
929 2990 1266 3071 speciebus
1288 2991 1682 3066 continetur,
1707 2997 1772 3054 et
1802 2989 1880 3053 in
1896 2989 2223 3054 visibili
2253 2991 2289 3053 i.
2313 3008 2364 3053 e.
2388 3007 2660 3070 corpore
2682 2995 2746 3053 et
2766 2991 3076 3078 sanguine

475 3095 714 3161 Christi.
779 3097 971 3179 Atqui
1020 3114 1125 3160 res
1171 3098 1531 3178 composita
1580 3097 1776 3161 modo
1807 3095 1891 3160 ab
1926 3115 2057 3160 uno
2093 3103 2344 3161 tantum
2379 3096 2715 3174 elementO,
2763 3098 2959 3161 modo
2993 3097 3076 3160 ab

470 3206 691 3282 alter0,
721 3207 913 3270 modo
949 3205 1031 3270 ab
1065 3216 1341 3288 utroque
1374 3214 1587 3288 potest
1620 3206 2037 3271 denominari.
2098 3203 2351 3288 Triplici
2385 3225 2535 3286 ergo
2568 3206 2818 3269 ratione
2852 3204 2930 3269 de
2963 3223 3075 3269 eu-

465 3312 767 3376 charistia
813 3311 961 3378 licet
994 3312 1185 3395 loqui.
1252 3313 1351 3376 Ab
1385 3313 1701 3378 elemento
1733 3314 1967 3377 visibili
1999 3313 2122 3377 dici
2154 3320 2369 3396 potest
2401 3314 2672 3395 paniS,
2705 3328 3076 3376 sacramen—

461 3426 619 3495 tum,
666 3418 883 3501 figura,
931 3426 1117 3501 typus
1162 3421 1450 3501 corporis
1482 3418 1745 3496 Christi3
1794 3439 1834 3484 a
1865 3440 1935 3486 re
1968 3426 2275 3485 contenta
2321 3439 2435 3484 seu
2483 3419 2567 3483 ab
2614 3420 2931 3484 elemento
2979 3419 3077 3481 in-

460 3525 697 3589 visibili
740 3547 965 3610 corpus
1010 3534 1076 3592 et
1120 3529 1378 3610 sanquis
1422 3526 1688 3603 Christi3
1737 3527 1819 3592 ab
1854 3534 2125 3609 utroque
2156 3527 2345 3608 panis
2395 3527 2797 3590 coelestis
2832 3533 2948 3589 etc.
3009 3523 3073 3588 Si

461 3651 614 3713 ergo
663 3639 881 3715 patres
932 3633 1388 3699 eucharistiam
1441 3634 1827 3717 quandoque
1877 3634 2094 3698 dicunt
2125 3632 2394 3714 signum,
2443 3641 2681 3715 typum,
2715 3632 3075 3714 symbolum

464 3740 749 3820 corporis
782 3739 1030 3815 Christi,
1062 3746 1477 3821 praepostere
1509 3740 1792 3817 infertur,
1828 3760 1941 3806 eos
1975 3741 2118 3806 ideo
2152 3741 2502 3805 exclusisse
2533 3759 2669 3803 rem
2702 3746 3075 3804 contentam

465 3843 500 3905 i.
533 3863 584 3908 e.
632 3863 866 3925 corpus
900 3845 1150 3910 Christi.
1198 3846 1362 3910 Nam
1396 3854 1460 3911 et
1490 3847 1683 3911 modo
1717 3848 2018 3914 catholici
2050 3848 2504 3913 eucharistiam
2534 3847 2752 3911 dicunt
2787 3863 3076 3909 sacra-

462 3958 814 4015 mentum
848 3953 1135 4034 corporis
1167 3952 1417 4031 Christi,
1450 3961 1931 4021 sacramentum
1977 3964 2193 4020 autem
2242 3962 2340 4021 est
2384 3955 2634 4035 signum
2681 3954 2773 4018 rei
2818 3971 3075 4017 sacrae:

461 4060 682 4121 tamen
727 4076 919 4123 nemo
965 4058 1113 4123 inde
1159 4059 1401 4136 inseret,
1448 4078 1559 4124 eos
1592 4062 1853 4126 credere
1887 4061 2120 4126 Christi
2151 4081 2384 4142 corpus
2415 4079 2547 4126 non
2581 4059 2812 4125 adesse
2845 4077 3076 4123 secun-

462 4162 614 4226 dum
674 4164 767 4228 rei
814 4164 1149 4229 veritatem
1211 4173 1274 4231 et
1332 4167 1779 4232 substantiam.
1857 4167 2072 4247 Quare
2121 4188 2198 4232 ex
2246 4167 2432 4232 simili
2481 4166 2782 4250 loquendi
2829 4168 3077 4231 ratione

463 4275 719 4349 patrum
768 4289 900 4334 non
944 4270 1092 4337 licet
1124 4279 1255 4336 tam
1288 4274 1786 4355 praecipitanter
1816 4274 2069 4350 inferre,
2101 4280 2319 4355 patres
2351 4293 2622 4356 negasse
2654 4272 2897 4339 realem
2928 4293 3073 4338 cor-

463 4376 635 4455 poris
668 4375 901 4440 Christi
932 4377 996 4440 in
1029 4378 1421 4442 eucharistia
1450 4381 1901 4461 praesentiam.
1951 4378 2037 4444 Cf.
2073 4398 2238 4463 quae
2272 4382 2551 4446 diximus
2586 4401 2645 4446 n.
2682 4385 2828 4451 353.

638 4488 795 4546 Haec
820 4489 945 4564 jam
977 4491 1264 4554 notarunt
1296 4492 1523 4549 veteres
1556 4491 1875 4567 scriptores
1917 4494 1988 4551 ut
2030 4492 2224 4550 Lanf
2235 4511 2368 4551 ran
2388 4512 2520 4552 cus
2567 4494 2606 4552 l.
2639 4494 2711 4552 de
2744 4513 2984 4570 corpore
3017 4499 3078 4551 et

462 4576 750 4653 sanguine
801 4578 1036 4636 Domini
1081 4596 1126 4636 c.
1182 4590 1258 4641 14
1307 4585 1368 4637 et
1404 4588 1516 4651 203
1568 4582 1851 4656 Haymo
1901 4581 2182 4644 halberst.
2236 4577 2299 4662 (†
2334 4580 2487 4664 853)
2542 4583 2605 4641 in
2652 4586 2832 4658 Apoc.
2892 4595 2939 4646 1.
2990 4592 3069 4645 20

461 4658 840 4744 (Mig.117,
878 4664 1061 4748 962):
1126 4667 1616 4735 ,Sacramentum
1664 4671 2128 4746 mysterium
2160 4677 2274 4741 est,
2326 4671 2428 4730 ubi
2463 4672 2629 4732 aliud
2660 4672 2982 4730 videtur
3013 4676 3075 4729 et

461 4752 622 4812 aliud
668 4755 937 4814 intelli
955 4757 1192 4833 gitur,
1240 4758 1398 4815 sicut
1432 4777 1483 4817 v.
1515 4778 1603 4834 gr.
1636 4759 1698 4817 in
1730 4759 1950 4818 Christi
1984 4778 2247 4836 corpore,
2301 4762 2406 4819 ubi
2438 4781 2573 4819 cum
2605 4761 2848 4819 videtur
2881 4761 3069 4835 paniS,
