3538 5364
558 365 689 429 582
926 355 1111 408 'Pi-act.
1138 355 1229 407 IX.
1256 354 1325 407 de
1356 354 1736 408 matrimonio.
1763 352 2014 408 Matrim.
2037 354 2226 406 ratum
2254 352 2498 407 subinde
2525 352 2783 408 solubile.

556 543 765 619 primis
796 544 1202 601 consummato
1247 544 1467 616 agunt;
1517 557 1637 599 non
1687 543 2138 608 sacramentum,
2191 559 2309 615 quo
2358 514 2805 598 matrimonium
2853 538 3178 597 adumbrat

556 632 775 691 Christi
806 637 868 690 et
895 630 1192 689 Ecclesiae
1224 630 1721 704 conjunct-ionem,
1755 647 1891 688 cum
1923 629 2063 688 haec
2083 629 2438 706 significatio
2461 647 2578 687 non
2598 629 2844 703 penitus
2862 627 3180 687 auferatur

555 722 628 780 ab
660 741 745 790 eo,
779 720 887 797 qui
916 718 1127 789 resilit,
1161 718 1262 776 sed
1294 717 1614 793 perfectius
1634 718 1788 776 forte
1808 718 2158 776 exhibeatur
2177 718 2632 794 desponsatione
2654 735 2790 775 cum
2810 717 2938 792 ipso
2959 717 3176 776 Verb0.

556 811 678 870 Nec
708 812 969 887 apparet,
1002 827 1108 866 cur
1136 826 1258 866 non
1289 807 1481 882 possit
1511 807 1925 883 imperfectum
1958 807 2162 866 cedere
2181 807 2456 882 perfecto,
2491 807 2729 882 quando
2748 806 2902 865 nihil
2921 824 3182 881 prorsus

555 901 774 973 obstat,
819 898 1093 972 illudque
1124 899 1381 971 nequeat
1413 914 1546 954 cum
1578 897 1687 955 hoc
1731 896 2005 971 componi
2036 898 2247 971 utpote
2279 896 2568 955 contrarie
2601 896 2958 972 oppositum.
3019 896 3181 953 Con-

554 989 720 1048 venit
737 1008 895 1065 ergo,
930 990 999 1045 ut
1031 985 1474 1044 matrimonium
1497 988 1713 1053 ratum,
1746 1003 1867 1043 non
1889 988 2384 1056 consummatum,
2417 985 2588 1044 cedat
2607 985 2795 1043 statui
2815 984 3178 1060 perfectiori,

555 1078 747 1154 qualis
797 1080 890 1135 est
937 1075 1218 1151 professio
1270 1075 1552 1133 solemnis
1597 1073 1922 1150 religionis,
1976 1094 2094 1150 qua
2143 1075 2317 1133 homo
2364 1074 2588 1132 mundo
2624 1073 2882 1149 perfecte
2914 1074 3186 1131 moritur

552 1170 838 1241 totusque
869 1167 991 1224 Deo
1024 1167 1430 1233 consecratum
1474 1181 1593 1222 non
1624 1174 1763 1222 vero
1796 1163 1934 1221 inde
1967 1163 2244 1239 sequitur
2272 1163 2426 1221 illud
2457 1161 2722 1232 dissolvi,
2756 1162 2807 1221 si
2837 1166 3029 1220 status
3062 1162 3179 1220 eli-

552 1259 732 1332 gatur
748 1254 1062 1331 perfectior
1080 1253 1338 1328 quidem,
1370 1252 1510 1310 talis
1542 1257 1758 1321 tamen,
1794 1269 2068 1327 quocum,
2103 1271 2275 1328 aegre
2305 1252 2462 1322 licet,
2498 1251 2938 1310 matrimonium
2959 1250 3175 1309 cohae-

551 1364 679 1403 rere
711 1345 922 1418 possit.
979 1342 1061 1404 ef.
1094 1343 1423 1401 Perrone
1456 1360 1501 1400 c.
1538 1351 1572 1404 2
1608 1361 1773 1417 prop.
1810 1351 1878 1412 33
1915 1341 2208 1401 Civilta
2239 1344 2376 1402 catt.
2418 1351 2601 1405 1889.
2635 1340 2762 1410 XII,
2801 1350 3180 1403 152—168.

738 1484 884 1549 623.
918 1478 1270 1549 Scholion
1303 1479 1444 1547 111.
1515 1475 1779 1551 ‚Cessat
1810 1495 2084 1561 quoque,
2117 1477 2320 1559 inquit
2351 1477 2843 1542 Benedictus
2874 1476 3033 1540 XIV.
3069 1496 3180 1559 qq.

551 1607 780 1652 canon.
814 1606 870 1669 q.
910 1592 1034 1656 146
1065 1602 1126 1648 n.
1162 1589 1263 1661 36,
1309 1583 1828 1649 indissolubilitas
1871 1586 2258 1649 matrimonii
2303 1585 2432 1648 rati
2479 1604 2602 1647 non
2651 1585 3060 1647 consummati
3106 1585 3176 1647 in

552 1695 691 1757 aliis
723 1693 1020 1757 omnibus
1051 1692 1307 1775 casibus
1344 1699 1527 1756 extra
1570 1690 2041 1773 professionem
2086 1691 2466 1772 religiosam,
2517 1691 2583 1753 in
2615 1691 2848 1773 quibus
2880 1709 3182 1755 summus

549 1799 833 1882 pontifex
859 1800 1048 1881 justis
1082 1805 1145 1863 et
1177 1798 1565 1879 gravissimis
1598 1798 1682 1862 de
1713 1798 1925 1861 causis
1960 1804 2181 1864 censet
2200 1797 2336 1878 ejus
2356 1797 2758 1862 dissolutioni
2778 1815 2920 1862 esse
2938 1798 3173 1862 locum.

549 1907 645 1971 Ita
676 1907 986 1971 suadente
1018 1905 1219 1981 trid,
1265 1906 1355 1969 ita
1399 1910 1791 1986 exposcente
1841 1904 2269 1978 observantia,
2316 1904 2405 1967 ita
2456 1905 2714 1970 demum
2747 1905 3174 1970 convincente

548 2014 925 2076 continuata
954 2012 1228 2094 plurium
1262 2012 1629 2077 seculorum
1674 2012 1860 2092 praxi
1909 2011 2078 2076 sedis
2113 2011 2539 2092 apostolicae,
2593 2030 2674 2076 ex
2707 2012 2936 2093 quibus
2969 2012 3174 2077 inter-

548 2121 824 2202 pretatio
851 2119 1009 2201 juris
1043 2119 1237 2183 divini
1271 2119 1509 2200 optime
1542 2118 1752 2199 colligi
1786 2123 2052 2199 potest<
2114 2117 2193 2181 Et
2223 2137 2280 2199 q.
2315 2122 2477 2185 479:
2548 2117 2839 2191 ,Nullam
2872 2118 2950 2182 de
2983 2125 3172 2200 pote-

548 2233 716 2292 state
748 2227 980 2290 summi
1011 2225 1327 2308 pontificis
1360 2226 1605 2290 moveri
1638 2224 1912 2306 amplius
1942 2243 2136 2305 posse
2156 2225 2598 2307 quaestionem
2634 2225 2698 2287 in
2731 2242 2828 2298 eo,
2862 2224 3032 2306 quod
3067 2232 3170 2289 at-

548 2335 707 2399 tinet
737 2333 819 2397 ad
854 2330 1354 2415 dispensandum
1406 2349 1597 2412 super
1629 2331 2044 2395 matrimonio
2076 2338 2219 2395 rato
2255 2338 2320 2395 et
2352 2350 2482 2395 non
2516 2339 2986 2406 consummato,
3021 2350 3171 2395 cum

546 2441 738 2506 hodie
771 2440 987 2522 opinio
1009 2438 1394 2503 affirmativa
1425 2439 1507 2501 sit
1538 2439 1899 2502 communis
1932 2438 2097 2503 inter
2129 2438 2467 2518 theologos
2501 2443 2564 2502 et
2597 2437 2986 2513 canonistas,
3021 2446 3088 2504 et
3108 2440 3168 2502 in

548 2548 731 2629 praxi
761 2552 1076 2628 recepta«
1133 2545 1509 2611 Tenendum
1541 2546 1711 2611 enim
1746 2534 1860 2623 est,
1893 2562 2200 2609 romanos
2234 2543 2584 2626 pontificeS,
2617 2545 2672 2607 si
2701 2563 2815 2626 per
2847 2546 3032 2626 plura
3067 2566 3168 2611 se-

549 2655 694 2719 cula
724 2654 980 2719 nemine
1012 2653 1407 2718 reclamante
1441 2652 1654 2736 aliquo
1706 2657 1973 2717 utuntur
2014 2652 2157 2734 jure
2208 2652 2378 2715 circa
2424 2652 2682 2732 negotia
2713 2650 3171 2730 ecclesiastica,

549 2780 659 2825 eos
692 2761 797 2824 illo
830 2778 1058 2826 revera
1087 2761 1309 2842 potiri;
1355 2778 1508 2822 nam
1553 2760 1858 2841 ipsorum,
1892 2759 2125 2841 quibus
2171 2759 2544 2824 concredita
2587 2767 2686 2823 est
2710 2760 3175 2842 jurisdictionis

546 2871 871 2953 plenitudo
906 2878 968 2937 et
1003 2870 1396 2951 amplissima
1429 2869 1700 2933 docendi
1733 2875 2039 2950 potestaS,
2074 2876 2172 2933 est
2192 2869 2388 2933 etiam
2415 2868 2723 2954 judicare,
2745 2868 3173 2950 quoadusque

546 2979 927 3044 extendatur
959 2996 1182 3043 eorum
1213 2983 1518 3058 potestas.
1583 2974 1669 3040 Cf.
1702 2975 2013 3041 Palmie
2034 2977 2102 3041 ri
2134 2982 2219 3040 th.
2254 2979 2357 3044 25.
2745 2964 2753 2972 ’

722 3108 870 3172 624.
905 3101 1257 3171 Scholion
1291 3101 1414 3171 lv.
1451 3102 1549 3166 De
1581 3102 1863 3167 divortio,
1888 3141 1971 3149 —
1994 3099 2126 3164 Etsi
2146 3101 2627 3164 matrimonium
2648 3106 3169 3164 consummatum

544 3211 733 3292 plane
765 3208 1102 3273 insolubile
1136 3217 1234 3274 est
1255 3209 1482 3291 *quoad
1528 3208 1965 3286 vinculum,
2014 3208 2229 3290 quoad
2272 3215 2536 3272 torum
2570 3214 2786 3272 tamen
2819 3225 2934 3271 seu
2965 3207 3169 3269 coha-

544 3316 921 3380 bitationem
954 3316 1148 3378 variis
1182 3334 1260 3380 ex
1292 3315 1503 3379 causis
1534 3314 1815 3396 legitime
1847 3315 2150 3396 conjuges
2173 3314 2551 3380 abinvicem
2572 3315 2859 3396 separari
2878 3320 3169 3395 possunt

543 3421 905 3503 Propositio
952 3441 1105 3487 vero
1151 3424 1453 3486 statuitur
1499 3429 1725 3486 contra
1769 3429 2219 3486 novatores
2266 3421 2464 3485 seculi
2495 3420 2674 3497 XVI,
2725 3427 2951 3485 contra
3003 3439 3169 3502 quos

544 3528 881 3592 concilium
927 3528 1108 3592 trid.
1157 3530 1442 3594 decrevit
1491 3549 1644 3594 sess.
1688 3534 1775 3596 24
1822 3546 1961 3591 can.
2010 3535 2083 3598 8:
2168 3527 2273 3602 ,Si
2324 3529 2464 3611 quis
2516 3528 2762 3604 dixerit,
2813 3527 3170 3591 Ecclesiam

543 3653 777 3711 errare,
810 3653 957 3698 cum
990 3635 1073 3699 ob
1124 3636 1359 3700 multas
1393 3654 1626 3700 causas
1659 3636 2136 3716 separationem
2166 3635 2332 3719 inter
2363 3635 2667 3717 conjuges
2700 3634 2916 3717 quoad
2947 3640 3166 3698 torum

541 3760 657 3806 seu
689 3737 903 3823 quoad
935 3742 1487 3807 cohabitationem
1518 3742 1601 3805 ad
1634 3749 1884 3807 certum
1916 3743 2318 3807 incertumve
2371 3749 2622 3823 tempus
2655 3741 2793 3806 fieri
2823 3760 3017 3823 posse
3050 3742 3166 3806 de—

542 3848 762 3924 cernit,
795 3849 866 3912 A.
898 3843 996 3911 s«
1066 3848 1158 3916 Ex
1190 3848 1511 3914 Ecclesiae
1559 3849 1759 3930 praxi,
1810 3855 2161 3930 praeeunte
2194 3846 2560 3931 Scripturae
2606 3849 2915 3921 doctrina,
2967 3855 3167 3929 patet,

542 3971 772 4016 causas
805 3956 1231 4034 separationis
1262 3955 1429 4020 inter
1460 3953 1764 4036 conj‘uges
1799 3954 2013 4036 quoad
2060 3954 2606 4019 cohabitationem
2650 3953 2942 4020 revocari
2972 3973 3167 4036 prae-

540 4061 759 4125 sertim
795 4061 877 4124 ad
924 4068 1311 4143 quatuor:
1359 4062 1442 4125 ad
1474 4061 1983 4126 adulterium
2016 4060 2235 4126 Matth.
2270 4063 2330 4129 ὃ.
2365 4066 2448 4129 32
2483 4062 2567 4147 (n.
2601 4063 2793 4147 614);
2858 4061 2940 4124 ad
2973 4078 3166 4142 apo-

542 4167 890 4231 stasiam
936 4168 1035 4232 vel
1067 4168 1386 4233 haeresim
1418 4187 1566 4232 curn
1609 4168 1894 4251 periculo
1943 4167 2378 4232 subversionis
2432 4167 2695 4234 alterius
2728 4165 3014 4248 conjugis
3048 4166 3167 4231 Tit.

542 4279 599 4349 3,
636 4280 750 4349 10;
785 4274 929 4338 Luc.
969 4279 1068 4348 14,
1102 4279 1219 4349 263
1253 4274 1336 4338 ad
1367 4275 1730 4356 proximum
1760 4272 2223 4355 periculum
2255 4274 2534 4354 graviter
2553 4273 2865 4355 peccandi
2895 4291 2974 4338 ex
3008 4293 3163 4354 sug-

540 4380 827 4460 gestione
859 4387 923 4445 et
955 4380 1230 4462 impulsu
1264 4380 1523 4445 alterius
1557 4379 1846 4462 conjugis
1879 4380 2098 4444 Matth.
2130 4386 2225 4455 18,
2264 4383 2338 4456 93
2373 4381 2456 4444 ad
2489 4388 2782 4445 mutuum
2815 4398 3012 4443 cons
3035 4398 3169 4443 en-

541 4506 708 4549 sum
752 4496 800 4555 l.
835 4486 975 4552 Cor.
1016 4494 1069 4563 7,
1104 4493 1160 4554 5.
1224 4487 1299 4550 Et
1334 4487 1562 4551 revera
1612 4486 1665 4550 si
1710 4492 1974 4568 propter
2003 4488 2256 4551 lucrum
2291 4487 2661 4568 temporale,
2692 4493 2953 4568 propter
2985 4506 3168 4550 mor-

540 4593 694 4656 bum
727 4593 1193 4674 contagiosum,
1241 4613 1356 4675 pro
1404 4594 1611 4657 salute
1659 4593 1950 4675 corporis
1996 4593 2323 4675 animique
2353 4591 2749 4658 relaxatione
2796 4594 2976 4657 etad
3009 4612 3167 4658 eva-

539 4700 752 4764 denda
785 4701 1071 4781 corporis
1104 4701 1526 4783 tortunaeque
1571 4700 1857 4780 pericula
1906 4700 2054 4765 licet
2105 4700 2187 4764 ad
2237 4700 2486 4781 longius
2539 4700 2876 4767 breviusve
2909 4707 3169 4783 tempus

538 4826 607 4871 se
641 4825 944 4889 separare
978 4826 1037 4895 ‘a
1086 4808 1387 4888 conjuge:
1438 4827 1638 4889 quare
1687 4827 1816 4872 non
1868 4808 2101 4885 licebit,
2150 4809 2204 4872 si
2254 4809 2426 4873 aliud
2471 4826 2602 4871 non
2633 4813 2812 4890 patet
2843 4806 3168 4888 effugium,
