3538 5364
586 292 709 359 178
1109 281 1291 336 Tract.
1319 282 1468 335 Vnt.
1495 282 1568 337 de
1583 281 2021 352 justificatione.
2045 282 2198 336 Num
2225 283 2413 355 gratia
2439 289 2678 340 creetur.

580 472 640 531 Si
689 474 889 530 autem
939 469 1101 544 ipsae
1145 469 1305 527 inter
1350 487 1411 527 se
1457 468 1853 545 conferuntur
1883 470 2277 544 operationes,
2327 472 2514 547 major
2543 474 2637 530 est
2667 473 2885 531 creatio
2908 472 3212 548 justifica-

578 561 759 619 tione.
828 559 908 618 cf.
943 577 987 617 s.
1022 557 1343 619 Thomas
1387 569 1436 619 l.
1473 567 1507 620 2
1545 578 1602 632 q.
1645 567 1763 621 113
1802 577 1851 616 a.
1889 569 1944 620 9.

758 684 820 749 2.
855 684 1042 742 Causa
1073 682 1724 741 instrumentalis
1772 686 1834 741 et
1877 682 2116 759 quidem
2167 687 2559 759 separata,
2613 688 2758 743 sunt
2806 690 3209 744 sacramenta:

577 762 745 850 conj
767 777 999 832 uncta
1044 790 1180 830 vero
1213 790 1390 831 causa
1420 776 1513 830 est
1545 771 1886 831 humanitas
1918 772 2157 844 Christi,
2207 773 2303 831 cui
2350 773 2667 849 multiplex
2699 775 2887 832 relate
2918 776 2991 833 ad
3016 775 3205 851 justi-

575 864 911 923 ficationem
933 862 1212 921 convenit
1230 861 1562 931 causalitas,
1599 861 1723 919 scil.
1744 860 2158 931 satisfactoria,
2192 862 2515 933 meritoria,
2550 864 2900 939 exemplaris
2933 867 2995 923 et
3025 865 3207 922 mini-

576 953 851 1014 sterialis.
899 951 1166 1010 Christus
1199 951 1355 1008 enim
1389 950 1562 1009 homo
1593 950 1657 1008 in
1688 951 1871 1009 terris
1903 950 2125 1028 degens
2145 951 2649 1010 reconciliationis
2682 953 2810 1029 egit
2838 952 3204 1021 ministrum,

577 1045 748 1114 cuius
781 1047 981 1100 tamen
1012 1039 1418 1099 ministerialis
1448 1042 1710 1116 potestas
1743 1058 1863 1099 non
1908 1040 1983 1098 iis
2031 1039 2277 1116 alligata
2307 1048 2437 1098 erat
2467 1040 2930 1114 conditionibus,
2978 1042 3204 1118 quibus

574 1135 782 1190 nostra
825 1128 1359 1189 circumscribitur:
1409 1131 1646 1204 poterat
1689 1128 1850 1187 enim
1896 1148 2002 1204 pro
2047 1134 2205 1188 nutu
2249 1129 2531 1188 adhibitis
2580 1129 2674 1187 vel
2719 1132 2967 1190 seclusis
3012 1150 3202 1190 sacra-

575 1221 792 1279 mentis
825 1222 1165 1294 praesentes
1196 1220 1258 1276 et
1287 1218 1466 1276 etiam
1499 1217 1795 1285 absentes
1800 1217 2149 1293 justificare,
2182 1218 2341 1277 unde
2373 1220 2503 1294 ejus
2536 1221 2801 1294 potestas
2822 1220 3045 1280 dicitur
3065 1239 3201 1279 auc-

575 1310 788 1368 toritas
821 1307 1220 1377 excellentiae,
1253 1306 1325 1365 de
1356 1326 1475 1382 qua
1493 1308 1668 1382 plura
1688 1307 1844 1365 infra
1873 1325 1932 1366 n.
1958 1316 2100 1371 285.
2149 1308 2419 1366 Ceterum
2453 1308 2545 1366 illi
2576 1308 2754 1366 etiam
2787 1328 2856 1367 ea
2886 1310 3199 1368 causalitas

568 1400 706 1474 jure
739 1396 949 1456 merito
963 1398 1163 1472 potest
1178 1395 1485 1466 vindicari,
1520 1415 1671 1470 quae
1704 1397 2088 1455 sacramentis
2111 1397 2436 1469 tribuitur;
2470 1397 2625 1455 sicut
2657 1397 2819 1455 enim
2851 1399 3067 1457 horum
3098 1419 3198 1473 ap-

578 1487 894 1563 plicatione
926 1486 1196 1543 homines
1229 1484 1655 1559 justificantur,
1705 1486 1791 1543 ita
1833 1486 2036 1561 potuit
2066 1486 2337 1544 Christus
2368 1487 2431 1544 in
2462 1487 2637 1545 terris
2669 1486 2889 1564 degens
2923 1492 3094 1548 tactu
3126 1506 3201 1549 ss,

576 1576 967 1635 humanitatis
993 1574 1323 1651 justificare
1354 1577 1689 1649 peccatores
1723 1574 2115 1649 poenitentes.

754 1696 819 1763 3.
856 1702 1044 1760 Causa
1073 1700 1353 1759 finalis
1398 1701 1492 1759 est
1522 1700 1768 1776 triplex:
1812 1699 2000 1777 gloria
2030 1701 2154 1771 Dei,
2187 1701 2382 1778 gloria
2412 1702 2646 1773 Christi,
2680 1703 2843 1761 salus
2864 1703 3204 1778 justificati.

752 1823 818 1890 4.
853 1827 1041 1885 Causa
1072 1825 1430 1883 formalis
1475 1828 1568 1884 est
1603 1825 1846 1901 justitia
1877 1825 2001 1895 Dei,
2048 1843 2167 1883 non
2200 1845 2320 1902 qua
2352 1830 2509 1887 Deus
2534 1829 2741 1903 justus
2774 1830 2883 1897 est,
2932 1827 3038 1886 sed
3083 1847 3203 1903 qua

575 1933 683 1974 nos
707 1916 906 1990 justos
937 1915 1094 1984 facit,
1129 1933 1401 1990 quaeque
1431 1915 1605 1973 nobis
1639 1915 1911 1973 inhaeret
1943 1914 2038 1996 (cf.
2072 1915 2223 1973 thes.
2261 1915 2430 1993 201).

755 2019 816 2084 5.
852 2021 1040 2079 Causa
1069 2021 1256 2079 mini
1274 2039 1301 2079 s
1316 2023 1345 2079 t
1357 2041 1389 2079 e
1404 2021 1469 2079 ri
1487 2040 1520 2078 a
1537 2020 1638 2079 lis
1672 2025 1819 2079 sunt
1850 2020 2112 2079 ministri
2141 2022 2510 2081 conferentes
2541 2025 2922 2085 sacramenta.

752 2124 819 2189 6.
856 2127 1040 2186 Causa
1084 2128 1597 2203 dispositiva,
1646 2145 1798 2202 quae
1831 2128 1903 2185 ad
1936 2127 2305 2186 materialem
2336 2129 2599 2187 revocari
2631 2129 2797 2197 solet,
2833 2132 2979 2188 sunt
3010 2132 3193 2199 actus,

577 2216 798 2292 quibus
831 2217 902 2274 ad
927 2216 1376 2292 justificationis
1408 2216 1661 2294 gratiam
1681 2216 2155 2290 consequendam
2175 2216 2550 2292 disponimur
2582 2215 2663 2294 (n.
2693 2218 2872 2294 149):
2905 2237 3044 2277 nam
3075 2219 3199 2277 dis-

576 2305 975 2381 positionibus
1010 2305 1346 2382 subjectum
1380 2324 1487 2364 seu
1517 2306 1715 2365 anima
1741 2305 2125 2381 justificandi,
2162 2325 2338 2380 quam
2362 2306 2550 2382 aliqui
2570 2326 2805 2365 causam
2831 2308 3200 2367 materialem

571 2413 677 2453 seu
710 2395 1097 2471 subJectivam
1119 2397 1347 2463 vocant,
1383 2395 1450 2452 fit
1482 2394 1699 2453 habilis
1732 2395 1805 2452 ad
1841 2394 2059 2453 formae
2090 2395 2128 2452 i.
2152 2413 2200 2453 e.
2234 2395 2458 2472 gratiae
2477 2396 2895 2473 receptionem.
2930 2398 3005 2458 Cf.
3028 2401 3077 2456 A
3097 2401 3197 2455 tz-

570 2483 1301 2560 berger-Scheeben
1333 2488 1364 2557 3
1402 2494 1544 2547 306.

752 2617 895 2672 213,
932 2607 1184 2666 Subtilis
1218 2606 1411 2666 oritur
1454 2609 1550 2666 hic
1597 2611 1870 2686 quaestio
1918 2612 2075 2670 inter
2119 2612 2448 2692 theologos,
2499 2621 2696 2674 utrum
2740 2617 2937 2694 qratia
2972 2616 3197 2692 justifi-

570 2695 817 2756 cationis
846 2706 1085 2775 creetur,
1122 2699 1216 2757 vel
1248 2702 1591 2757 concreetur
1624 2718 1730 2758 seu
1749 2701 2065 2773 increetur,
2101 2708 2171 2762 ut
2189 2705 2467 2763 nonnulli
2489 2706 2837 2781 loquuntur,
2874 2707 2966 2764 vel
2987 2711 3198 2766 utrum

566 2787 741 2846 homo
775 2787 1102 2846 secundum
1134 2807 1260 2845 eam
1292 2791 1542 2858 creetur,
1576 2808 1652 2847 au
1688 2789 1891 2865 potius
1924 2791 2242 2852 dicendum
2272 2793 2366 2864 sit,
2401 2812 2530 2852 eam
2560 2814 2630 2856 ex
2661 2796 2890 2853 animae
2922 2797 3198 2871 potentia

568 2895 689 2935 non
722 2876 962 2949 quidem
995 2876 1272 2947 naturali,
1307 2878 1408 2936 sed
1442 2877 1822 2936 obedientiali
1844 2880 2135 2941 divinitus
2157 2882 2344 2941 educi.
2393 2884 2497 2952 ,Si
2528 2885 2747 2944 creatio
2778 2889 3067 2955 sumatur,
3102 2887 3193 2944 in·

569 2965 704 3041 quit
735 2966 1126 3023 Habertus
1159 2966 1335 3025 theol.
1361 2967 1467 3024 PP.
1498 2985 1687 3044 graec.
1720 2969 2053 3029 vindicatae
2084 2972 2124 3032 l.
2162 2982 2196 3035 3
2229 2990 2274 3033 o.
2313 2981 2347 3034 3
2386 2969 2417 3039 ἓ
2452 2983 2509 3043 4,
2543 2993 2651 3049 pro
2684 2974 2770 3032 rei
2803 2973 3189 3033 subsistentis

568 3052 971 3128 productione,
1007 3073 1193 3130 quum
1212 3056 1407 3131 gratia
1437 3057 1519 3113 sit
1540 3056 1806 3115 accidens
1826 3105 1840 3120 .
1862 3105 1877 3121 .
1900 3107 1914 3121 .
1934 3059 2266 3131 inhaerens,
2300 3065 2361 3120 et
2382 3080 2516 3120 cum
2536 3062 2741 3121 ordine
2762 3063 3186 3139 dependentiae

569 3162 602 3199 a
634 3142 919 3216 subjecto,
968 3144 1064 3201 cui
1096 3144 1401 3203 inhaerere
1433 3145 1623 3216 debet,
1659 3147 2042 3220 producatur,
2090 3169 2159 3209 eo
2205 3168 2387 3209 sensu
2434 3154 2707 3210 accurate
2740 3153 3041 3211 creatio
3073 3152 3189 3211 dici

569 3231 879 3306 productio
911 3231 1100 3307 ipsius
1133 3251 1253 3291 non
1282 3238 1495 3309 potest.
1541 3235 1633 3293 Ita
1665 3253 1710 3296 s,
1742 3236 2058 3297 Thomas
2091 3233 2152 3321 (1
2193 3259 2249 3314 q.
2275 3250 2353 3302 45
2390 3260 2439 3297 a.
2474 3236 2562 3322 4).
2612 3241 2763 3310 Quia
2794 3261 2933 3301 vero
2965 3243 3188 3300 creatio

568 3341 601 3376 a
633 3320 992 3394 quibusdam
1025 3322 1205 3380 etiam
1238 3323 1580 3381 extenditur
1627 3325 1699 3382 ad
1747 3344 1832 3395 ea,
1881 3346 2031 3402 quae
2077 3329 2195 3386 vim
2244 3332 2304 3386 et
2341 3332 2578 3406 captum
2611 3331 2913 3406 potentiae
2943 3335 3187 3389 natura-

567 3407 641 3466 lis
675 3453 687 3465 .
723 3453 734 3465 .
770 3455 783 3466 .
831 3414 1114 3486 superant
1159 3415 1339 3486 atque
1386 3418 1549 3470 extra
1582 3413 1891 3489 sphaeram
1923 3418 2227 3493 agentium
2264 3419 2625 3477 naturalium
2658 3420 2854 3495 posita
2884 3423 3041 3490 sunt,
3092 3439 3188 3478 so-

566 3498 803 3571 lamque
836 3501 1160 3574 potentiam
1194 3502 1550 3576 receptivam
1585 3501 2041 3564 obedientialem
2088 3507 2151 3564 in
2200 3507 2465 3585 subjecto
2497 3509 2955 3584 praerequirunt
2988 3514 3048 3567 et
3082 3510 3191 3568 Dei

565 3586 748 3645 solius
779 3589 1009 3647 actione
1039 3591 1479 3665 producuntur:
1513 3610 1647 3650 cum
1679 3593 1874 3670 gratia
1906 3614 1940 3652 a
1973 3595 2091 3654 Deo
2125 3596 2251 3654 solo
2286 3597 2515 3655 animae
2535 3598 2906 3669 infundatur,
2941 3599 3125 3657 simul
3155 3618 3190 3656 a

566 3676 685 3733 Deo
717 3678 901 3735 creari
935 3678 1158 3737 dicitur
1188 3699 1218 3738 a
1252 3680 1572 3755 permultis
1590 3682 1893 3741 veteribus
1916 3685 2298 3755 scholasticis,
2334 3686 2577 3756 Scoto,
2611 3688 3185 3757 Bonaventura,

563 3764 946 3837 Gabriele,
977 3768 1375 3828 Paludano
1407 3773 1469 3827 et
1502 3770 1637 3828 aliis
1671 3815 1684 3829 .
1719 3816 1731 3829 .
1767 3815 1780 3828 .
1813 3772 1958 3832 adeo
1989 3776 2063 3832 ut
2092 3793 2135 3833 s.
2169 3774 2486 3834 Thomas
2520 3776 2712 3836 medio
2736 3776 3187 3851 quodammodo

562 3856 921 3913 sententiam
955 3860 1270 3932 utramque
1299 3862 1627 3935 temperare
1660 3864 1925 3933 conetur,
1969 3863 2075 3921 ubi
2107 3864 2193 3922 ait
2225 3863 2308 3940 (1.
2347 3873 2381 3925 2
2417 3885 2472 3940 q.
2515 3877 2632 3928 110
2669 3885 2718 3924 a.
2756 3876 2790 3928 2
2826 3865 2900 3923 ad
2936 3859 3023 3948 3),
3071 3884 3185 3934 ‚se-

537 3944 824 4026 cundum
859 3945 964 4004 hoc
995 3946 1175 4004 etiam
1206 3949 1402 4023 gratia
1432 3947 1653 4007 dicitur
1684 3951 1889 4026 creari,
1934 3972 2004 4010 ex
2035 3971 2102 4010 eo
2136 3953 2296 4028 quod
2331 3954 2598 4013 homines
2633 3957 2958 4014 secundum
2992 3956 3186 4030 ipsam

535 4053 838 4115 ,orma-r
868 4034 905 4091 i.
943 4055 990 4092 e.
1037 4035 1100 4092 in
1145 4054 1296 4096 novo
1330 4055 1459 4095 esse
1491 4041 1945 4099 constituuntur
1976 4061 2043 4099 ex
2075 4042 2261 4101 nihilo
2294 4043 2332 4107 i,
2367 4061 2414 4102 e.
2448 4062 2568 4101 non
2602 4063 2670 4102 ex
2705 4044 2936 4103 meritis
2970 4062 3182 4102 secun-

536 4143 685 4205 dum
717 4124 883 4205 mun*
921 4124 994 4181 ad
1027 4124 1171 4199 Eph.
1209 4135 1263 4194 2,
1308 4138 1415 4189 10:
1467 4127 1659 4186 Creati
1690 4132 1752 4187 in
1790 4129 2017 4189 Christo
2049 4132 2112 4189 in
2144 4132 2411 4207 operibus
2442 4132 2650 4191 bonis!
2713 4134 2882 4192 Sicut
2913 4133 3183 4192 accidens

540 4257 735 4314 neque
783 4236 852 4293 fit
895 4232 1106 4306 neque
1151 4218 1582 4293 corrumpitur:
1631 4218 1773 4292 quia
1803 4221 1933 4294 ejus
1966 4224 2060 4279 est
2091 4220 2217 4279 fieri
2250 4221 2346 4279 vel
2376 4222 2692 4298 corrumpi,
2726 4223 2897 4298 cujus
2927 4226 3021 4281 est
3051 4240 3183 4281 esse

541 4330 638 4392 vel
668 4346 789 4386 non
821 4342 978 4384 3330:
1026 4305 1307 4377 accidens
1340 4311 1537 4366 autem
1572 4310 1665 4366 est
1695 4308 1853 4366 entis
1886 4328 2006 4380 ene,
2055 4313 2116 4367 et
2161 4309 2291 4368 ideo
2338 4310 2560 4369 dicitur
2591 4311 2720 4370 fieri
2751 4313 2847 4370 vel
2878 4312 3183 4386 corrumpi

543 4416 869 4480 secundum
891 4410 1051 4487 quod
1074 4398 1418 4480 subjectum
1439 4397 1650 4474 incipit
1681 4397 1779 4455 vel
1811 4398 2034 4456 desinit
2063 4416 2191 4457 esse
2223 4399 2286 4456 in
2319 4404 2457 4458 actu
2488 4401 2815 4459 secundum
2847 4400 2999 4458 illud
3031 4402 3182 4459 acci-

550 4511 713 4567 dens.
762 4504 837 4561 Et
869 4498 1196 4559 secundum
1232 4494 1341 4550 hoc
1376 4487 1598 4545 dicitur
1628 4485 1811 4545 etiam
1845 4488 2036 4563 gratia
2068 4487 2271 4549 creari.
2316 4488 2473 4547 Haec
2505 4490 2774 4549 doctrina
2806 4494 2868 4547 et
2898 4488 3185 4564 loquendi

553 4596 722 4663 ratic,
758 4611 936 4667 quam
970 4582 1328 4661 excogitavit
1359 4578 1417 4636 b.
1452 4577 1549 4634 Th
1570 4594 1768 4635 omas
1815 4576 1985 4634 valde
2024 4580 2414 4635 consentanea
2445 4583 2539 4637 est
2576 4578 2913 4654 Scripturae
2946 4587 3178 4637 sancto-

554 4702 806 4758 rumque
837 4684 1078 4757 patrum
1109 4672 1344 4730 dictisss
1398 4666 1564 4734 Quod
1599 4684 1733 4723 cum
1767 4665 2041 4724 adductis
2064 4666 2405 4742 Scripturae
2425 4670 2783 4744 patrumque
2817 4668 3011 4726 effatis
3041 4687 3176 4743 pro·

558 4773 738 4844 bavit,
772 4767 1182 4849 prosequitur:
1219 4759 1348 4830 ,Ex
1380 4757 1472 4814 his
1505 4755 1733 4813 clarum
1766 4758 1875 4824 est,
1911 4755 2319 4829 quaestionem
2343 4774 2471 4815 esse
2492 4757 2611 4816 fere
2644 4758 2717 4815 de
2749 4757 2987 4816 nomine
3019 4758 3179 4832 apud
