3538 5364
530 258 608 321 10
1029 247 1211 299 Tract.
1243 245 1386 300 Vm.
1411 247 1481 300 de
1508 245 1712 317 gratia.
1741 244 1939 299 Gratia
1964 243 2280 299 habitualis
2303 247 2364 299 et
2386 246 2648 300 actualis.

520 456 642 524 tur,
676 446 815 510 illas
844 465 992 510 cum
1023 447 1121 511 his
1143 445 1444 510 confundi
1456 463 1589 508 non
1608 443 1860 509 debere.
1877 443 2053 508 Haec
2073 443 2263 521 enim,
2282 452 2355 509 ut
2375 444 2527 508 alibi
2546 444 2920 522 videbimuS,
2943 448 3138 528 perti-

523 561 677 618 nent
691 574 753 623 ει.
771 554 853 617 ad
870 554 1042 617 dona
1058 559 1311 634 gratum
1327 551 1658 627 facientia3
1691 552 1764 621 b.
1796 551 2307 632 haberivpossunt
2337 551 2420 615 ab
2442 551 2760 629 omnibuS,
2776 551 2907 616 imo
2925 571 3004 617 ex
3023 572 3139 617 vo-

520 662 767 725 luntate
801 659 917 725 Dei
949 660 1031 724 ab
1066 659 1365 724 omnibus
1398 658 1624 724 haberi
1654 657 1997 734 deberent3
2031 676 2093 728 c.
2126 656 2365 722 fructus
2398 665 2549 724 sunt
2579 659 2823 739 gratiae
2856 661 3139 725 sanctifi-

521 768 746 844 cantis,
779 785 973 850 quam
1006 771 1504 848 consequuntur,
1556 774 1622 831 et
1668 771 1998 830 momenta
2043 765 2403 847 dynamica,
2452 784 2619 848 quae
2651 785 2771 830 nos
2797 766 3026 848 juvant
3056 769 3138 832 ad

520 873 983 956 proficiendum
1016 873 1083 937 in
1114 873 1475 948 sanctitate,
1510 890 1715 954 eaque
1747 873 1817 942 d.
1849 872 2072 937 intime
2103 873 2377 937 invicem
2423 880 2573 938 sunt
2603 891 2927 938 connexa:
2974 894 3139 957 quae

521 983 601 1047 de
633 981 1128 1046 charismatibus
1161 999 1202 1045 a
1233 980 1434 1044 Paulo
1466 980 1801 1045 recensitis
1834 980 1959 1044 dici
1990 985 2332 1062 nequeunt.
2375 978 2682 1059 Quamvis
2712 999 2867 1045 vero
2900 982 3141 1063 gratiae

522 1089 719 1153 etiam
751 1094 1006 1169 gratum
1040 1087 1347 1153 facientes
1378 1088 1508 1151 sint
1538 1086 1736 1167 gratis
1757 1086 1971 1163 datae,
1990 1104 2230 1152 nomen
2248 1092 2468 1151 tamen
2488 1086 2614 1150 hoc
2633 1086 2884 1169 utrique
2903 1088 3141 1169 speciei

521 1214 882 1273 commune,
916 1195 1399 1277 appropriatum
1430 1192 1546 1258 fuit
1579 1192 1817 1274 speciei
1848 1192 2122 1269 infimae,
2155 1194 2322 1258 sicut
2350 1211 2589 1258 nomen
2619 1194 2873 1274 generis
2906 1194 3142 1258 animal

519 1302 713 1366 tribui
744 1300 909 1367 solet
938 1301 1175 1383 speciei
1194 1300 1452 1364 infimae
1471 1300 1508 1363 i.
1531 1318 1583 1364 e.
1605 1299 1816 1363 brutis
1836 1299 2346 1363 irrationalibus:
2384 1318 2589 1383 eoque
2609 1302 2814 1382 magis
2834 1301 3140 1366 tributum

522 1408 640 1473 fuit
669 1408 791 1472 illis
822 1408 1007 1472 donis
1041 1414 1106 1473 et
1136 1405 1650 1483 charismatibuS,
1684 1406 1837 1489 quia
1869 1406 1950 1469 ad
1974 1407 2135 1471 haec
2155 1408 2220 1469 in
2240 1407 2460 1488 primis
2479 1408 2827 1489 respiciens
2849 1407 3139 1473 Christus

522 1514 830 1597 apostolis
876 1514 1381 1580 commendavit:
1428 1514 1651 1577 Gratis
1697 1510 2039 1597 accepis-tia,
2081 1517 2282 1596 gyrat-is
2328 1514 2474 1578 date
2518 1513 2765 1600 (Matth.
2807 1522 2903 1591 10,
2937 1516 3023 1602 8).
3056 1555 3143 1564 --

523 1621 748 1687 Notari
779 1641 933 1687 vero
967 1621 1176 1698 debet,
1208 1622 1422 1703 plures
1456 1621 1719 1686 scholae
1750 1621 2086 1701 theologos
2118 1622 2379 1686 nomine
2412 1622 2654 1703 gratiae
2705 1622 2967 1702 gratis
3013 1622 3143 1686 da-

523 1737 603 1794 ta
620 1748 655 1794 e
688 1730 1061 1810 designasse
1094 1728 1524 1811 quodcunque
1556 1728 1799 1792 donum
1817 1746 1861 1791 a
1880 1727 2013 1792 Deo
2035 1727 2384 1793 liberaliter
2402 1729 2642 1805 datum,
2665 1728 2836 1811 quod
2857 1728 3141 1792 animam

521 1854 653 1900 non
686 1835 1060 1912 sanctificat,
1095 1836 1290 1900 etiam
1324 1835 1567 1899 ordinis
1603 1834 1934 1912 naturalis,
1968 1835 2070 1898 vel
2102 1835 2347 1915 gratiae
2379 1835 2616 1898 auxilia
2649 1835 2731 1898 ab
2764 1836 2905 1917 ipsa
2936 1835 3144 1916 gratia

524 1942 963 2007 sanctificante
996 1942 1314 2018 distincta,
1366 1942 1514 2006 hinc
1562 1942 1838 2022 gratiam
1889 1941 2320 2006 actualem.
2382 1940 2451 2004 In
2495 1942 2818 2022 praesenti
2863 1947 3142 2006 tractatu

524 2068 789 2129 agemus
821 2049 900 2113 de
933 2049 1144 2129 gratia
1173 2054 1425 2129 gratum
1457 2048 1745 2113 iaciente.
1813 2046 1900 2111 Cf.
1935 2048 2348 2129 Kleutgen
2379 2056 2419 2111 t.
2455 2054 2495 2117 2
2528 2049 2684 2131 disp.
2723 2056 2778 2118 7.

705 2180 804 2243 11.
835 2173 934 2238 De
960 2175 1179 2258 qratia
1208 2173 1519 2238 habituali
1552 2180 1607 2236 et
1640 2175 1892 2237 actuali.
1928 2210 2015 2221 —-
2046 2173 2192 2254 Ipsa
2211 2179 2428 2238 autem
2462 2172 2667 2253 gratia
2699 2179 2949 2253 gratum
2982 2172 3135 2237 saci-

522 2298 635 2342 ens
669 2280 794 2344 alia
827 2288 925 2345 est
954 2279 1301 2345 habitualis
1332 2286 1397 2345 et
1425 2298 1813 2362 permanens
1862 2297 1976 2343 seu
2023 2286 2477 2360 permanenter
2509 2280 2841 2365 (quamdiu
2874 2286 3140 2361 peccato

521 2404 653 2450 non
686 2387 1065 2473 excluditur)
1102 2386 1357 2452 animae
1389 2387 1731 2451 inhaerens
1766 2403 2042 2467 eamque
2074 2385 2409 2466 refingenS,
2444 2387 2800 2451 secundum
2837 2391 3143 2450 statum

519 2493 870 2574 perficienS,
904 2494 988 2557 ad
1021 2494 1311 2560 ordinem
1356 2492 1910 2575 supernaturalem
1964 2492 2224 2557 elevans
2271 2510 2348 2557 ac
2380 2492 2515 2558 Deo
2549 2500 2800 2575 gratam
2831 2494 3143 2563 redden&

521 2600 647 2663 alia
680 2602 950 2665 actualis
981 2606 1045 2665 et
1077 2601 1417 2678 transiens,
1467 2600 1821 2664 secundum
1874 2606 2142 2663 actum
2192 2600 2544 2681 perficienS,
2593 2607 2665 2666 ut
2713 2601 2860 2684 piae
2910 2602 3141 2666 mentis

520 2707 991 2773 illustrationes.
1062 2707 1147 2773 Cf.
1182 2729 1229 2772 s.
1262 2708 1610 2773 Thomas
1633 2714 1701 2776 ⁷1.
1736 2713 1777 2776 2
1810 2727 1867 2790 q.
1905 2712 2033 2778 110
2065 2726 2120 2771 a.
2156 2713 2214 2776 2.
2277 2708 2452 2774 Haec
2497 2709 3015 2800 distinctio-{tanti
3046 2715 3143 2774 est

521 2816 850 2891 momenti,
887 2822 960 2881 ut
991 2817 1138 2882 inde
1170 2817 1448 2900 pendeat
1478 2816 1827 2897 praecipua
1859 2822 2178 2880 tractatus
2212 2815 2455 2879 divisio

711 2953 803 3006 12.
836 2944 967 3003 Etsi
1000 2964 1137 3004 vero
1168 2945 1363 3022 gratia
1392 2944 1643 3003 actualis
1676 2944 1792 3003 sub
1811 2964 2025 3022 genere
2044 2945 2270 3022 gratiae
2289 2947 2527 3022 gratum
2548 2945 2819 3005 facientis
2839 2949 3141 3023 tamquam

522 3034 746 3107 species
779 3034 1135 3104 continetur,
1177 3052 1293 3093 usu
1323 3034 1606 3109 loquendi
1636 3033 1923 3103 obtinuit,
1969 3037 2042 3093 ut
2071 3034 2309 3092 nomine
2339 3035 2568 3111 gratiae
2600 3037 2843 3111 gratum
2873 3035 3143 3095 facientis

522 3121 870 3197 designetur
900 3123 1095 3200 gratia
1123 3124 1469 3198 praesertim
1501 3123 1965 3196 habitualis,
1997 3123 2348 3182 nominatim
2381 3122 2502 3194 illa,
2537 3143 2694 3199 quae,
2711 3124 3049 3183 immediate
3080 3128 3141 3183 et

521 3209 849 3269 formaliter
879 3214 1078 3287 gratos
1109 3231 1216 3270 nos
1247 3213 1367 3271 Deo
1397 3212 1598 3271 reddit
1628 3212 1753 3271 scil.
1786 3212 1980 3289 gratia
2011 3212 2417 3283 sanctificans;
2451 3213 2569 3271 imo
2601 3213 2757 3282 haec,
2791 3213 3142 3288 praesertim

521 3298 679 3374 apud
712 3303 960 3370 veteres,
994 3320 1100 3376 per
1132 3301 1538 3360 excellentiam
1571 3300 1925 3377 simpliciter
1955 3300 2072 3359 dici
2106 3302 2257 3360 solet
2288 3301 2576 3378 gratia,
2625 3302 2783 3376 quia,
2817 3305 2889 3360 ut
2919 3302 3143 3362 videbi-

523 3406 670 3457 muS,
720 3388 876 3446 inter
919 3407 1122 3448 omnes
1168 3390 1392 3467 gratias
1424 3389 1562 3449 solis
1592 3394 1773 3464 atque
1806 3393 2000 3448 metae
2032 3391 2224 3449 instar
2255 3390 2493 3460 eminet,
2539 3389 2612 3448 ad
2659 3409 2838 3466 quam
2883 3392 3144 3467 reliquae

522 3494 724 3534 omnes
746 3477 1128 3537 destinantur
1145 3480 1388 3555 gratiae,
1423 3479 1496 3538 ad
1529 3497 1654 3537 eam
1690 3479 1815 3538 scil.
1835 3478 2248 3550 inducendam,
2270 3478 2620 3554 augendam,
2654 3480 3144 3551 conservandam3

521 3583 587 3623 ac
619 3565 868 3640 proinde
901 3567 1060 3625 sicut
1090 3567 1242 3626 radii
1263 3568 1446 3626 solem
1468 3568 1759 3626 orientem
1779 3568 2158 3643 praecedunt,
2196 3571 2393 3626 ortum
2415 3568 2774 3627 comitantur
2792 3571 2972 3644 atque
3003 3570 3143 3628 sub‘-

522 3659 873 3729 sequuntur,
907 3656 993 3714 ita
1023 3657 1247 3733 gratiae
1278 3657 1537 3716 actuales
1557 3657 1918 3715 habitualem
1942 3657 2319 3732 praecedunt,
2354 3656 2726 3727 comitantur,
2763 3659 3143 3734 subsequun-

521 3745 660 3889 {zluri'
679 3744 776 3890 {n
807 3743 992 3891 piiiori
1023 3748 1313 3806 tractatus
1346 3750 1512 3821 parte
1544 3764 1788 3823 agemus
1821 3745 1892 3804 de
1924 3746 2117 3822 gratia
2148 3746 2412 3804 actual
2432 3746 2482 3816 i,
2531 3746 2595 3805 in
2630 3747 2818 3805 altera
2848 3748 2918 3807 de
2951 3747 3144 3824 gratia

574 3851 609 3890 a
676 3851 698 3889 1
755 3852 846 3891 ua
896 3853 932 3892 1.

1659 4082 1888 4161 Pars
1951 4085 2004 4160 I.

1336 4218 1460 4286 DE
1510 4219 1854 4288 GRATIA
1903 4218 2326 4289 ACTUALI.

709 4365 807 4429 13.
842 4360 1065 4426 Gratia
1097 4362 1367 4427 actualis
1399 4382 1594 4446 saepe
1613 4364 1874 4428 nomine
1907 4364 2110 4443 magis
2145 4365 2475 4427 communi
2507 4383 2548 4428 a
2577 4364 2891 4444 theologis
2924 4365 3141 4446 appel-

524 4467 642 4531 lari
674 4467 839 4533 solet
870 4469 1289 4545 auxilium,
1323 4470 1709 4551 adjutorium
1743 4470 1876 4546 Dei,
1912 4487 1952 4533 a
1983 4489 2030 4533 s.
2064 4469 2370 4533 Thoma
2402 4470 2657 4534 motio
2691 4471 2922 4547 divina,
2956 4489 2996 4534 a
3024 4488 3142 4552 pa-

524 4574 727 4639 tribus
760 4575 1004 4656 graecis
1051 4589 1155 4644 τοῦ
1202 4585 1355 4645 θεοῦ
1405 4578 1688 4663 ἐνέργεια,
1736 4583 2017 4666 βοήθεια,
2061 4579 2101 4668 ἡ
2148 4577 2386 4643 ἄνωθεν
2418 4578 2748 4665 ἐπικουρία,
2782 4580 2821 4668 ἡ
2853 4590 2957 4646 τοῦ
2990 4585 3141 4645 θεοῦ

525 4681 701 4773 ῥοπὴ,
733 4684 773 4773 ἡ
805 4682 947 4749 θεία
977 4691 1222 4772 κίνησις,
1253 4686 1293 4774 ἡ
1327 4685 1534 4768 Λόγου
1567 4690 1702 4773 χείρ
1736 4689 1871 4759 etc,
1919 4690 2112 4766 atque
2144 4683 2233 4746 ita
2267 4701 2306 4746 a
2337 4682 2591 4748 Perro
2612 4703 2703 4748 ne
2737 4683 3142 4748 describitur:
