3538 5364
1019 267 1130 306 non
1156 251 1242 303 est
1266 250 1585 305 necessaria
1611 250 1683 303 ad
1712 266 1879 305 omne
1908 267 2052 320 opus
2081 252 2311 306 bonum.
2857 259 2944 324 49

327 454 517 495 veram
550 435 834 495 novimus
866 438 929 495 et
958 436 1269 495 invictam:
1306 437 1503 512 Omne,
1534 439 1685 515 quod
1714 456 1829 495 non
1859 444 1941 496 est
1970 456 2041 496 ex
2069 438 2198 513 fide,
2232 444 2524 513 macutum
2555 445 2636 497 est
2655 438 2815 503 Rom.
2847 452 2944 510 14,

332 533 469 589 23.‘
535 524 667 582 Imo
699 528 911 584 contra
941 525 1251 586 Julianum
1281 525 1381 596 lv,
1424 536 1460 589 3
1494 545 1538 587 e.
1570 526 1779 585 doctor
1810 527 1947 585 data
1976 546 2155 602 opera
2185 527 2342 586 tueri
2375 527 2615 586 videtur
2645 547 2822 605 opera
2851 529 2944 589 in·

332 612 588 673 fidelium
625 632 760 673 esse
790 618 1045 690 peccata.
1094 614 1279 684 Quem
1315 615 1519 690 plures
1550 635 1619 674 ex
1651 616 1842 692 ipsius
1875 616 2185 692 discipulis
2216 620 2567 692 sequuntur.
2616 617 2710 675 Ita
2740 637 2825 678 ex.
2857 639 2945 696 gr.

326 704 458 761 Pro
479 721 657 779 sper
689 709 840 766 sent.
869 714 1025 767 106:
1064 703 1308 775 ,Omnis
1329 704 1658 764 infidelium
1692 705 1816 763 vita
1845 710 2152 780 peccatum
2185 710 2291 776 est,
2325 709 2386 763 et
2416 705 2566 764 nihil
2601 712 2693 764 est
2722 707 2944 766 bonum

323 793 442 851 sine
473 811 708 851 summo
739 793 927 851 bono:
961 792 1063 852 ubi
1097 793 1255 852 enim
1288 793 1452 852 deest
1482 793 1707 871 agnitio
1739 798 2010 853 aeternae
2043 798 2105 852 et
2137 793 2635 854 incommutabilis
2656 797 2944 867 veritatis,

322 881 463 940 falsa
494 881 695 941 virtus
726 887 816 941 est
848 882 1025 941 etiam
1057 882 1119 941 in
1151 882 1391 957 optimis
1423 882 1748 945 moribu8.‘
1819 882 1898 942 ef.
1944 883 2016 943 de
2054 882 2309 960 ingratis
2341 903 2394 942 v.
2429 892 2552 946 407
2590 902 2697 955 se.;
2744 888 2948 945 contra

324 970 526 1032 Collat.
561 989 610 1035 c.
640 980 714 1033 13
752 990 808 1031 n.
834 981 946 1034 39:
982 971 1503 1039 ,Manifestissime
1534 975 1714 1047 patet,
1748 972 1814 1031 in
1845 972 2162 1049 impiorum
2196 972 2409 1032 animis
2429 973 2658 1032 nullam
2677 974 2946 1034 habitare

322 1060 633 1135 virtutem,
683 1060 784 1118 sed
830 1060 1028 1119 omnia
1059 1079 1237 1136 opera
1266 1079 1469 1120 eorum
1505 1060 1812 1120 immunda
1842 1080 1968 1120 esse
1999 1066 2061 1120 et
2097 1061 2382 1137 polluta.‘
2418 1094 2506 1106 —
2535 1064 2830 1122 Auctor
2872 1064 2946 1123 de

319 1152 503 1211 vocat.
536 1148 807 1208 omnium
840 1150 1112 1227 gentium
1145 1150 1189 1220 Ι,
1229 1162 1295 1212 7:
1347 1149 1528 1218 ,Sine
1559 1151 1730 1210 cultu
1760 1151 1887 1209 veri
1919 1150 2025 1210 Dei
2057 1150 2255 1221 etiam,
2289 1150 2451 1227 quod
2481 1150 2675 1210 virt-us
2705 1153 2946 1211 videtur

321 1256 461 1307 esse,
496 1240 803 1313 peccatum
838 1243 957 1308 est3
1002 1256 1109 1297 nec
1140 1240 1368 1314 placere
1399 1240 1564 1297 ullus
1596 1239 1717 1298 Deo
1749 1239 1873 1298 sine
1907 1239 2027 1299 Deo
2058 1243 2317 1315 potest.‘
2386 1240 2662 1299 Aliorum
2706 1246 2944 1316 patrum

321 1327 494 1385 effata
526 1327 601 1386 cf.
633 1326 787 1402 apud
821 1327 1221 1387 Norisium
1255 1328 1319 1386 in
1351 1327 1624 1387 vindiciis
1656 1329 1961 1406 augustin.
1993 1348 2040 1388 c.
2076 1338 2111 1392 3
2148 1333 2178 1402 ἓ
2214 1339 2269 1391 4.
2337 1329 2528 1388 Aliter
2559 1332 2740 1405 atque
2771 1331 2944 1389 aliter

323 1416 608 1475 nituntur
638 1417 902 1493 theologi
942 1416 1355 1475 difficultatem
1403 1416 1550 1476 hanc
1594 1418 1860 1477 enodare.
1928 1418 2135 1477 Varias
2183 1418 2601 1494 explicationes
2647 1419 2785 1494 plus
2831 1420 2944 1478 mi·

319 1524 504 1564 nnsve
539 1505 879 1581 probabiles
910 1505 1232 1583 diligenter
1262 1509 1529 1566 recenset
1561 1507 1706 1565 Ern
1725 1510 1795 1566 st
1824 1508 1864 1566 l.
1897 1526 1943 1565 c.
1976 1504 2009 1574 ἕ
2047 1517 2082 1571 8
2119 1526 2197 1571 ss.

497 1624 563 1692 l.
614 1630 1043 1707 Gregorius
1089 1628 1463 1689 ariminensis
1509 1650 1675 1708 prop.
1708 1630 1905 1689 omnia
1936 1649 2112 1708 opera
2142 1630 2478 1691 infidelium
2510 1637 2656 1692 sunt
2685 1638 2941 1710 peccata,

316 1719 624 1795 approbat,
660 1719 763 1778 sed
795 1721 1037 1778 nomine
1067 1719 1434 1778 infidelis
1465 1719 1754 1797 intelligit
1783 1737 1938 1791 eum,
1973 1720 2078 1795 qui
2109 1724 2267 1779 caret
2298 1720 2635 1798 cognitione
2667 1723 2792 1782 veri
2813 1724 2939 1795 Dei,

316 1809 389 1867 ad
417 1826 604 1884 quam
633 1809 962 1867 habendam
993 1807 1180 1885 exigit
1211 1807 1339 1885 ipse
1371 1808 1596 1885 gratiae
1627 1809 1936 1869 auxilium.

492 1931 559 1999 2.
595 1934 902 1994 Sententia
931 1934 1328 2010 posteriorum
1372 1935 2110 2011 augustiniensium
2158 1936 2235 1994 ab
2281 1954 2349 1994 ea
2391 1954 2512 1995 non
2556 1937 2818 1995 multum
2850 1938 2940 1996 di-

314 2025 450 2093 stat,
484 2041 667 2098 opera
696 2022 1028 2082 infidelium
1058 2041 1180 2082 non
1208 2022 1449 2100 quidem
1482 2024 1710 2083 ratione
1756 2024 1849 2083 sui
1893 2025 2228 2084 necessario
2273 2043 2402 2084 esse
2448 2026 2619 2095 mala,
2666 2026 2769 2085 sed
2815 2045 2943 2086 esse

312 2115 558 2187 peccata
589 2113 957 2171 extrinsecus
1002 2113 1077 2171 ob
1116 2112 1408 2171 defectum
1442 2113 1748 2172 relationis
1781 2114 1844 2172 in
1877 2113 2062 2174 Deum
2097 2114 2274 2173 finem
2305 2114 2604 2185 ultimum,
2651 2134 2804 2191 quae
2849 2120 2943 2175 est

313 2201 545 2260 fructus
577 2201 793 2260 amoris
825 2201 932 2260 Dei
964 2220 1144 2277 super
1173 2201 1387 2272 omnia,
1422 2202 1527 2277 qui
1559 2202 1685 2261 sine
1717 2203 1914 2279 gratia
1945 2203 2148 2261 haberi
2181 2206 2456 2279 nequeat.

495 2323 563 2388 3.
601 2326 807 2385 Plures
828 2328 1094 2396 tuentur,
1128 2344 1173 2386 s.
1207 2326 1736 2402 Augustinum
1768 2327 1937 2403 loqui
1970 2327 2041 2385 de
2072 2326 2314 2397 facte,
2348 2326 2492 2403 quia
2510 2345 2713 2387 revera
2732 2327 2939 2388 infide·

313 2413 466 2473 lium
498 2434 681 2491 opera
715 2415 1067 2491 plerumque
1112 2410 1257 2497 (non
1288 2418 1487 2473 tamen
1521 2415 1649 2473 sine
1682 2411 2050 2497 exceptione)
2098 2435 2167 2474 ex
2213 2415 2450 2475 defectu
2496 2417 2707 2475 saltem
2752 2418 2942 2477 bonae

312 2503 673 2562 intentionis
704 2507 1117 2580 suntpeccata.
1164 2503 1257 2561 Ita
1287 2503 1837 2575 Bellarminus‚
1874 2505 2309 2581 Stapleton‚
2345 2505 2706 2581 vasquez,
2741 2506 2941 2564 Alti-

315 2592 599 2663 cotius,
631 2594 989 2664 Perrone,
1038 2592 1434 2669 Kleutgen
1468 2596 1576 2655 etc.
1645 2595 1976 2653 Provocant
2005 2594 2076 2652 ad
2109 2593 2290 2653 verba
2321 2612 2366 2656 s.
2400 2594 2660 2653 doctoris
2693 2595 2765 2653 de
2798 2596 2943 2671 spir.

314 2686 376 2740 et
406 2682 496 2741 lit.
529 2701 579 2744 c.
619 2693 720 2751 27,
754 2682 859 2742 ubi
891 2687 1206 2760 postquam
1239 2684 1546 2752 concessit.
1580 2684 1868 2758 quaedam
1899 2702 2030 2743 esse
2063 2682 2379 2759 gentilium
2414 2682 2584 2753 sacta,
2623 2703 2818 2760 ,quae
2851 2703 2942 2743 se-

315 2771 583 2831 cundum
607 2772 886 2848 justitiae
915 2772 1183 2850 regulam
1215 2789 1337 2830 non
1370 2773 1564 2830 solum
1599 2773 1941 2848 vituperare
1974 2791 2097 2832 non
2135 2791 2475 2849 possumus,
2521 2792 2726 2831 verum
2761 2774 2940 2832 etiam

316 2860 531 2920 merito
564 2864 843 2936 recteque
889 2862 1217 2930 laudamus,
1235 2869 1262 2899 ¹
1311 2861 1585 2937 subjicit:
1637 2861 2048 2938 ,Quamquam
2098 2862 2148 2920 si
2198 2862 2614 2932 discutiantur,
2665 2881 2782 2936 quo
2827 2862 2943 2921 fine

318 2949 479 3019 fiant,
514 2950 645 3008 vix
679 2950 1081 3020 inveniantur,
1115 2969 1265 3025 quae
1289 2950 1565 3025 justitiae
1596 2950 1858 3009 debitam
1882 2951 2118 3009 laudem
2137 2951 2655 3025 defensionemque
2674 2970 2941 3010 merean-

317 3041 478 3100 tur}
521 3038 617 3097 Ita
648 3042 708 3096 et
740 3039 1377 3115 chrysostomus,
1412 3057 1545 3097 cum
1579 3040 1828 3098 dixisset
1859 3040 1920 3097 in
1953 3039 2046 3098 J0.
2076 3040 2133 3098 h.
2158 3050 2273 3104 28:
2310 3039 2519 3109 ,Quod
2552 3044 2760 3117 gentes
2794 3040 2942 3099 bene

318 3127 543 3196 vivant,
578 3127 843 3186 nondum
875 3127 1021 3185 mihi
1054 3130 1348 3197 constat‚‘
1398 3128 1580 3203 idque
1613 3129 1974 3204 quibusdam
2004 3128 2430 3204 displicuisset,
2464 3130 2732 3204 reponit:
2786 3128 2941 3198 ‚Ve-

316 3235 450 3275 rum
496 3235 575 3274 ne
621 3217 880 3289 cuipiam
927 3217 1281 3276 contentiosi
1313 3216 1639 3288 videamur,
1695 3218 2082 3277 concedamus
2129 3219 2288 3295 apud
2334 3218 2591 3295 gentiles
2638 3236 2784 3288 esse,
2837 3218 2942 3294 qui

314 3309 475 3364 recte
506 3305 734 3376 vivant,
769 3324 961 3381 neque
995 3306 1103 3364 hoc
1135 3305 1388 3365 orationi
1421 3311 1658 3365 nostrae
1689 3306 2054 3366 adversatur.
2121 3307 2325 3367 Sermo
2357 3308 2516 3366 enim
2562 3312 2690 3366 erat
2734 3308 2806 3367 de
2852 3327 2940 3377 eo,

318 3394 479 3468 quod
510 3399 581 3452 ut
615 3395 967 3470 plurimum,
1002 3414 1122 3454 non
1153 3395 1226 3452 de
1259 3413 1345 3465 eo,
1381 3395 1540 3470 quod
1571 3415 1701 3455 raro
1734 3396 2092 3473 contingit.‘

316 3576 320 3580 ρ
495 3496 562 3564 4.
609 3504 662 3562 S.
713 3501 1032 3560 Thomas
1078 3505 1281 3560 censet
1315 3511 1371 3562 2.
1409 3511 1442 3563 2
1478 3521 1533 3578 q.
1573 3512 1648 3564 23
1686 3522 1737 3561 a.
1776 3510 1808 3563 7
1844 3503 1916 3561 ad
1959 3514 2008 3573 l,
2056 3502 2385 3580 Augustini
2419 3502 2598 3561 verba
2628 3521 2755 3561 esse
2787 3503 2939 3562 acci·

318 3588 534 3664 pienda
566 3608 749 3649 sensu
778 3590 1209 3667 reduplicativo
1255 3593 1317 3649 et
1358 3590 1610 3661 formali,
1659 3610 1778 3666 quo
1811 3609 1950 3650 sane
1982 3595 2211 3650 certum
2243 3595 2352 3662 est,
2387 3592 2587 3650 omnia
2617 3610 2769 3668 quae
2802 3591 2938 3650 infi-

318 3678 467 3737 delis
500 3697 619 3754 qua
651 3678 908 3738 infidelis
952 3698 1019 3737 ex
1068 3679 1286 3756 spiritu
1330 3678 1699 3738 infidelitatis
1746 3684 1808 3738 et
1852 3683 2055 3739 contra
2100 3680 2277 3739 fidem
2309 3680 2450 3739 facit
2480 3698 2609 3738 esse
2643 3681 2815 3756 culpa
2847 3680 2939 3739 in-

317 3767 487 3826 fecta.
553 3767 664 3828 Sed
710 3767 969 3826 infidelis
1015 3788 1132 3828 non
1179 3786 1412 3843 semper
1455 3768 1543 3826 ita
1590 3769 1743 3845 agit:
1796 3773 1996 3844 potest
2040 3769 2195 3828 enim
2230 3769 2407 3828 etiam
2440 3788 2612 3845 agere
2644 3774 2940 3845 quatenus

318 3856 494 3915 homo
526 3860 635 3926 est,
672 3857 999 3916 secundum
1030 3857 1336 3927 rationem,
1373 3876 1523 3932 quae
1554 3862 1792 3933 peccato
1825 3878 1944 3917 non
1975 3861 2070 3917 est
2100 3858 2341 3934 penitus
2374 3857 2681 3917 exstincta.

494 3959 563 4025 5.
614 3964 769 4022 Sunt
811 3964 917 4039 qui
963 3969 1257 4035 censeant,
1310 3964 1486 4023 effato
1536 3964 1639 4023 illo
1690 3964 2013 4042 significari
2058 3968 2313 4034 tantum,
2367 3983 2543 4040 opera
2586 3964 2936 4036 infidelium,

319 4052 608 4127 quamdiu
637 4071 757 4111 non
788 4057 912 4112 sint
941 4073 1008 4112 ex
1042 4052 1174 4124 fide,
1208 4054 1545 4129 relinquere
1576 4054 1876 4113 infidelem
1907 4056 1973 4113 in
2005 4057 2170 4113 statu
2200 4055 2441 4129 peccati.

493 4154 565 4220 6.
599 4159 924 4235 Ripalda
967 4160 1210 4219 innixus
1244 4178 1356 4219 sua
1384 4160 1617 4219 theoria
1648 4161 1928 4237 opinatur
1958 4160 2113 4236 disp.
2150 4171 2250 4231 20,
2299 4161 2362 4217 in
2408 4162 2707 4236 praesenti
2739 4181 2938 4219 rerum

320 4246 523 4306 ordine
566 4250 627 4305 et
672 4248 744 4305 de
790 4249 944 4308 facto
975 4249 1144 4307 nulla
1175 4268 1302 4307 esse
1335 4267 1512 4324 opera
1541 4249 1733 4308 ethice
1765 4250 1935 4320 bona,
1983 4251 2123 4324 quia
2157 4250 2312 4307 Deus
2346 4250 2539 4325 gratia
2571 4269 2680 4309 sua
2711 4268 2941 4326 semper

319 4334 500 4407 adest,
548 4339 621 4394 ut
665 4336 900 4412 quoties
944 4337 1118 4397 homo
1165 4338 1355 4397 ethice
1388 4337 1536 4397 bene
1568 4341 1865 4414 operatur,
1914 4342 2081 4397 actus
2128 4338 2411 4396 reddatur
2441 4339 2753 4397 salutaris:
2801 4339 2939 4397 hinc

320 4424 499 4482 verba
543 4425 649 4483 illa
694 4425 1052 4502 significant,
1100 4446 1273 4486 omne
1304 4426 1461 4503 quod
1495 4446 1614 4485 non
1646 4428 1715 4485 fit
1746 4447 1814 4485 ex
1848 4428 1961 4485 fide
1994 4428 2202 4486 saltem
2238 4427 2436 4486 latiori
2469 4447 2647 4486 sensu
2677 4430 2934 4502 accepta,

324 4531 391 4571 ex
422 4532 683 4590 superna
711 4515 940 4591 gratiae
972 4515 1384 4586 illustratione,
1420 4516 1490 4575 de
1522 4519 1674 4575 sacto
1707 4535 1834 4575 esse
1865 4520 2190 4592 peccatum.

503 4616 568 4683 7.
602 4621 754 4679 Aliis
784 4621 1027 4681 videtur
1056 4641 1100 4681 s.
1142 4622 1346 4681 doctor
1386 4624 1450 4682 in
1496 4623 1921 4699 disputationis
1953 4627 2123 4682 aestu
2154 4624 2292 4699 plus
2326 4622 2560 4692 dixisse,
2611 4641 2786 4697 quam
2839 4639 2936 4678 vo-

326 4709 509 4768 luerit
538 4710 823 4787 intelligi,
858 4729 965 4771 seu
996 4730 1240 4787 operum
1271 4711 1602 4770 infidelium
1634 4712 2139 4788 imperfectionem
2173 4729 2574 4788 exaggerasse.

532 4818 809 4882 flattu,
846 4818 1093 4878 compend.
1130 4820 1394 4876 theologiae
1432 4820 1518 4877 111,
1561 4822 1642 4867 11.
1680 4821 1754 4866 e-l.
2584 4817 2620 4863 4
