3538 5364
1162 276 1599 333 matrimonium
1627 280 1712 332 est
1740 278 2160 334 indissolubile.
2844 287 2972 351 577

348 462 521 527 serit.
554 460 716 525 Nolo
750 460 904 524 mihi
935 460 1223 543 proferas
1254 460 1532 542 raptoris
1563 459 1964 537 violentiam,
1998 459 2223 524 matris
2242 459 2744 540 persuasionem,
2778 460 2978 540 patris

352 569 817 644 auctoritatem,
848 567 1352 649 propinquorum
1383 572 1729 642 catervam,
1762 583 2096 629 servorum
2128 565 2392 629 insidias
2424 572 2617 647 atque
2638 571 2976 647 contemp-

352 683 505 754 tum,
557 675 796 739 damna
843 673 937 738 rei
985 672 1330 736 familiaris
1394 670 1715 751 Quamdiu
1766 672 1922 735 vivit
1956 671 2068 748 vir,
2116 672 2264 737 licet
2310 671 2641 736 adulter
2689 672 2787 749 sit,
2831 672 2978 737 licet

352 780 692 856 sodomita,
723 780 869 844 licet
902 778 1155 859 flagitiis
1189 777 1485 842 omnibus
1518 783 1873 859 coopertus
1910 783 1977 841 et
2007 776 2090 840 ab
2123 795 2327 842 uxore
2357 783 2624 859 propter
2653 778 2816 845 haec
2835 797 2977 844 sce-

349 889 488 952 lera
531 886 889 961 derelictuS,
935 886 1072 967 ejus
1117 886 1387 949 maritus
1433 885 1794 965 deputatur,
1848 884 1951 946 cui
1983 883 2254 948 alterum
2286 883 2491 948 virum
2523 885 2814 967 accipere
2846 905 2978 950 non

353 994 515 1059 licet.
576 993 707 1056 Nec
740 993 1071 1074 apostolus
1102 993 1265 1056 haec
1295 991 1560 1072 propria
1594 990 1992 1055 auctoritate
2023 989 2330 1066 decernit,
2378 991 2491 1056 sed
2524 990 2775 1057 Christo
2809 993 2872 1063 in
2906 1012 2979 1059 se

353 1101 673 1182 loquente,
708 1097 939 1164 Christi
970 1097 1171 1164 verba
1201 1102 1461 1163 secutus
1494 1103 1609 1175 est,
1645 1097 1753 1179 qui
1787 1097 1877 1161 ait
1912 1098 1975 1159 in
2009 1095 2353 1178 Evangelio
2388 1104 2543 1162 etc<

532 1210 600 1274 6.
634 1204 847 1284 Quare
877 1206 1047 1271 idem
1080 1205 1411 1286 apostolus
1442 1203 1667 1267 scribit
1706 1208 1762 1270 1.
1795 1202 1940 1267 Cor.
1977 1209 2035 1279 7,
2075 1208 2187 1272 10:
2233 1201 2325 1266 Iis
2357 1210 2588 1289 autem,
2619 1206 2724 1291 qui
2754 1208 2978 1270 matri-

360 1314 557 1377 monio
587 1314 803 1396 juncti
846 1320 1010 1393 sunt,
1050 1311 1380 1395 praecipio
1427 1330 1550 1374 non
1599 1330 1727 1392 eqo,
1779 1309 1887 1373 sed
1919 1308 2254 1392 DominuS,
2305 1330 2562 1373 uxorem
2609 1333 2646 1375 a
2692 1314 2825 1373 viro
2857 1332 2978 1376 non

356 1421 699 1484 discedere:
747 1420 914 1504 quod
945 1420 1000 1480 si
1032 1418 1404 1500 discesserit,
1450 1437 1707 1480 manere
1742 1418 2082 1500 innuptam
2116 1424 2228 1479 aut
2259 1419 2390 1479 viro
2422 1436 2535 1480 suo
2567 1419 2979 1487 reconciliari.

355 1526 553 1608 Atqui
595 1526 699 1589 hic
743 1525 1025 1607 loquitur
1070 1524 1148 1588 de
1192 1524 1427 1605 justa
1474 1522 1887 1599 discessione,
1921 1522 2205 1605 alioquin
2237 1542 2368 1588 non
2400 1521 2759 1605 reliquisset
2791 1526 2980 1588 uxori

357 1635 685 1715 optionem
724 1632 888 1697 inter
918 1630 1507 1696 reconciliationem
1542 1636 1604 1695 et
1638 1631 2192 1711 perseverantiam
2225 1631 2289 1694 in
2321 1630 2760 1712 separatione:
2804 1631 2982 1710 ‚iusta

359 1758 510 1804 vero
544 1756 743 1803 causa
775 1738 1185 1802 discessionis
1217 1735 1472 1800 mulieri
1504 1744 1604 1801 est
1649 1736 2123 1801 adulterium
2155 1737 2289 1812 viri,
2337 1754 2484 1800 cum
2515 1738 2638 1800 hac
2670 1738 2750 1803 de
2782 1756 2982 1802 causa

359 1847 455 1909 vir
486 1847 689 1929 possit
722 1845 1039 1910 dimittere
1073 1863 1358 1920 uxorem,
1392 1862 1510 1925 par
1543 1851 1761 1908 autem
1799 1844 1882 1908 sit
1915 1844 2130 1926 quoad
2163 1845 2331 1908 hanc
2361 1863 2499 1909 rem
2524 1845 2629 1926 jus
2652 1846 2981 1929 utriusque

360 1956 646 2036 conjugis
693 1954 756 2017 in
802 1954 1074 2018 alterum
1122 1952 1222 2039 (cf.
1256 1972 1316 2016 n.
1351 1954 1563 2040 601²).
1627 1952 1785 2017 Cum
1837 1972 1987 2033 ergo
2039 1952 2353 2017 Dominus
2397 1953 2746 2017 universim
2790 1972 2980 2035 prae-

360 2061 556 2142 cipiat
600 2062 665 2124 in
709 2061 1050 2141 hypothesi
1087 2061 1304 2141 justae
1352 2059 1800 2141 separationis,
1847 2078 2013 2141 quae
2061 2060 2125 2123 in
2173 2060 2392 2141 primis
2423 2059 2637 2124 locum
2668 2060 2866 2125 habet
2896 2062 2979 2124 ob

360 2169 760 2243 adulterium,
792 2166 1378 2232 reconciliationem
1410 2172 1524 2231 aut
1554 2167 2039 2242 continentiam,
2094 2166 2424 2231 exclusum
2458 2167 2729 2249 ideoque
2761 2167 2980 2249 prohi-

362 2276 562 2339 bitum
595 2275 843 2339 censeri
875 2274 1065 2339 debet
1098 2293 1176 2338 eo
1210 2274 1273 2337 in
1308 2292 1466 2337 casu
1499 2292 1739 2337 novum
1773 2273 2270 2338 matrimonium.

542 2383 604 2449 7.
640 2381 861 2463 Neque
894 2379 1228 2462 probabile
1262 2388 1359 2446 est
1391 2380 1722 2446 mulierem
1747 2380 1884 2463 jus
1907 2388 1982 2444 te
2015 2381 2345 2445 dimissam
2366 2379 2648 2445 melioris
2667 2380 2802 2446 fore
2821 2378 2977 2445 con-

360 2489 617 2552 ditionis
650 2508 847 2554 uxore
881 2489 1191 2569 injuste
1224 2489 1506 2563 dimissa,
1541 2506 1710 2571 quae
1744 2488 1919 2551 aliud
1953 2489 2158 2552 iniens
2190 2488 2671 2553 matrimonium
2695 2507 2979 2569 pronun-

360 2598 569 2661 ciatur
611 2596 935 2671 adultera;
983 2613 1190 2678 neque
1223 2595 1574 2682 probabile,
1610 2614 1777 2671 eum,
1812 2596 1922 2678 qui
1955 2595 2208 2661 dicebat
2239 2613 2309 2659 se
2340 2595 2592 2660 venisse
2625 2594 2829 2676 legem
2863 2596 2978 2658 ad-

361 2704 641 2784 implere,
674 2704 907 2786 quique
939 2702 1406 2768 reformaturus
1440 2710 1580 2768 erat
1612 2704 1980 2784 conjugium
2014 2704 2096 2767 ad
2116 2703 2772 2785 pristinimatrimonii
2790 2701 2980 2784 plane

361 2809 815 2873 indissolubilis
836 2810 1065 2884 ideam,
1099 2810 1356 2873 demum
1377 2809 1546 2874 idem
1568 2809 1795 2874 saltem
1823 2829 1899 2874 ex
1923 2815 2106 2891 parte
2127 2810 2508 2891 permisisse,
2531 2809 2700 2890 quod
2721 2817 2981 2891 propter

363 2916 571 2979 cordis
617 2917 913 2980 duritiem
960 2917 1338 2998 permissum
1387 2915 1502 2979 suit
1528 2917 1796 2998 judaeis.
1861 2916 2024 2980 Nam
2050 2918 2186 2998 jam
2221 2917 2300 2981 de
2334 2916 2651 2997 primitivo
2683 2916 2978 2997 conjugio

363 3023 646 3086 Adamus
680 3021 1135 3087 affirmaverat:
1170 3021 1251 3086 Et
1282 3033 1463 3087 erunt
1483 3024 1605 3086 duo
1637 3026 1703 3087 in
1724 3045 1914 3086 earne
1937 3045 2064 3086 una
2088 3021 2242 3087 Gen.
2267 3029 2326 3099 2,
2349 3029 2466 3098 24;
2498 3023 2667 3088 unde
2689 3022 2978 3088 Christus

364 3129 579 3193 infert:
612 3132 791 3210 Quod
822 3150 960 3213 erqo
982 3130 1155 3195 Deus
1186 3132 1530 3213 conjunxit,
1561 3131 1738 3193 homo
1774 3153 1896 3194 non
1927 3138 2191 3215 separet.
2225 3129 2440 3209 Quare
2460 3131 2626 3193 sicut
2645 3131 2978 3216 suicidium

364 3236 535 3299 nullo
568 3237 633 3299 in
665 3254 823 3300 casu
855 3244 954 3301 est
985 3236 1242 3315 licitum,
1290 3256 1436 3301 cum
1471 3236 1643 3303 Deus
1675 3237 1854 3301 solus
1885 3238 1968 3301 sit
2000 3237 2175 3302 vitae
2208 3238 2536 3301 dominus:
2588 3239 2677 3301 ita
2708 3238 2880 3302 nullo
2914 3239 2978 3302 in

364 3361 518 3407 casu
561 3344 733 3408 licita
775 3353 872 3410 est
903 3345 1293 3409 matrimonii
1324 3343 1676 3420 dissolutiO,
1712 3363 1862 3408 cum
1895 3343 2142 3425 species
2190 3346 2273 3407 sit
2318 3344 2580 3420 suicidii,
2628 3345 2978 3410 destructio

362 3449 526 3513 illius
572 3451 834 3514 unitatis
880 3453 1107 3524 carnis,
1155 3453 1336 3532 cujus
1382 3458 1481 3516 est
1513 3458 1740 3515 auctor
1773 3451 1960 3524 DeuS,
2011 3451 2117 3533 qui
2150 3451 2315 3514 sicut
2347 3457 2444 3515 est
2476 3451 2775 3515 dominus
2809 3453 2979 3516 vitae

361 3557 685 3634 individui,
735 3559 827 3621 ita
877 3566 941 3622 et
984 3559 1155 3623 vitae
1203 3559 1573 3640 conjugalis.
1639 3557 1827 3637 Quod
1873 3559 2010 3639 jam
2064 3557 2270 3622 innuit
2323 3556 2534 3640 Chry
2559 3563 2978 3621 sostomus

364 3682 555 3744 supra
588 3683 647 3727 n.
682 3669 827 3732 610.

537 3774 604 3838 8.
659 3770 881 3851 Neque
925 3772 1354 3852 spernendum
1400 3777 1499 3835 est
1549 3769 1703 3833 illud
1754 3790 1802 3834 s.
1853 3771 2340 3855 Hieronymi
2388 3773 2452 3835 in
2500 3770 2721 3835 Matth.
2761 3777 2858 3846 19,
2906 3779 2977 3838 9:

370 3877 570 3956 ‚Quia
601 3884 856 3959 poterat
889 3877 1197 3954 accidere,
1232 3883 1301 3940 ut
1333 3878 1561 3959 aliquis
1593 3876 1984 3941 calumniam
2019 3877 2256 3943 faceret
2290 3878 2631 3954 innocenti,
2665 3884 2729 3942 et
2759 3877 2842 3941 ob
2874 3897 2977 3942 se-

361 3984 638 4047 cundam
671 3984 968 4064 copulam
1000 3984 1366 4064 nuptiarum
1400 3984 1603 4049 veteri
1636 3983 1880 4048 crimen
1912 3984 2322 4065 impingeret:
2355 3984 2447 4047 sic
2466 3983 2743 4065 priorem
2766 3983 2976 4047 dimit-

362 4098 497 4156 tere
522 4090 788 4172 Jubetur
819 4110 1104 4166 uxorem,
1139 4099 1208 4155 ut
1248 4091 1616 4166 secundam,
1649 4090 1859 4173 prima
1891 4091 2166 4168 vivente,
2200 4110 2331 4155 non
2366 4090 2658 4154 habeat.‘
2711 4089 2790 4154 Et
2818 4109 2976 4155 sane

362 4204 608 4279 quanta
652 4198 970 4279 pernicies
1010 4206 1389 4280 sequeretur
1427 4204 1656 4262 contra
1708 4198 2098 4261 matrimonii
2150 4197 2724 4262 stabilitatem.
2787 4195 2976 4260 Suffi-

362 4312 539 4369 ceret
585 4305 959 4387 conjugibus
998 4304 1388 4368 matrimonii
1420 4305 1735 4385 pertaesis
1768 4305 2171 4369 committere
2203 4302 2592 4366 adulterium
2628 4309 2692 4368 et
2725 4322 2805 4367 en
2839 4322 2976 4366 ma-

362 4411 734 4476 trimonium
765 4419 933 4476 esset
964 4412 1258 4475 solutum.
1294 4411 1519 4474 Nonne
1550 4393 1713 4475 haec
1744 4411 2086 4492 permissio
2120 4409 2496 4492 provocatio
2530 4409 2659 4473 fere
2693 4416 2863 4474 esset
2894 4410 2973 4473 ad

365 4519 780 4583 adulterium?

539 4645 610 4713 9.
656 4648 921 4723 Denique
966 4648 1281 4724 explicatio
1327 4647 1613 4707 catholica
1655 4647 1962 4706 luculento
1995 4647 2374 4704 confirmatur
2405 4649 2640 4722 patrum
2675 4646 2974 4722 suffragio,

361 4738 663 4797 Audiatur
694 4736 753 4795 in
788 4737 996 4813 primis
1027 4737 1557 4814 Augustiana,
1593 4736 1697 4812 qui
1731 4737 1839 4794 hac
1871 4736 1942 4795 de
1974 4756 2036 4794 re
2069 4735 2207 4794 data
2238 4754 2413 4811 opera
2445 4735 2712 4811 disputat
2744 4735 2975 4793 duobus

577 4846 618 4892 H
635 4861 663 4892 u
680 4861 703 4892 r
717 4851 740 4893 t
755 4861 779 4893 e
795 4861 819 4892 r
835 4883 847 4906 ‚
886 4845 1137 4906 Compend.
1176 4846 1436 4901 theologiae
1474 4844 1557 4904 111,
1602 4846 1684 4891 11.
1724 4845 1798 4893 ed.
2584 4839 2653 4889 37
