3538 5364
1092 265 1421 319 testimonia
1450 264 1555 318 ΡΡ.
1583 264 1653 318 de
1681 263 2027 318 eucharistia
2053 263 2431 333 explicantur,
2943 273 3072 336 335

458 453 886 512 tullianum
930 453 1075 512 alias
1107 452 1383 525 occurrit,
1434 455 1507 509 ut
1537 469 1672 509 cum
1702 454 1908 509 contra
1937 451 2218 509 Praxeam
2249 469 2294 509 c.
2336 460 2413 513 29
2451 451 2694 509 scribit:
2760 451 3073 519 ,Christus

457 545 735 602 mortuus
767 546 875 611 est,
911 541 973 600 id
1005 545 1097 600 est
1128 543 1408 599 unctus.‘
1444 540 1595 599 Hinc
1627 557 1840 599 sensus
1872 540 2013 598 erit:
2047 540 2171 599 Hoc
2202 541 2239 598 i.
2272 559 2320 599 e.
2352 540 2512 616 quod
2542 544 2672 598 erat
2694 542 2820 616 jam
2840 540 2903 598 in
2922 540 2991 599 V.
3009 541 3071 602 T.

458 631 648 709 figura
678 631 938 708 corporis
970 630 1087 689 mei
1121 626 1476 712 (secundum
1509 629 1663 687 illud
1695 629 1817 687 Jer.
1857 639 1954 699 11,
2001 641 2109 691 19:
2174 628 2478 688 Mittamus
2522 630 2739 706 liynum
2770 632 2833 688 in
2856 647 3073 703 panem

457 723 603 796 ejus,
633 720 739 780 ubi
770 720 1096 778 secundum
1130 721 1328 794 ipsum
1359 718 1945 777 Tertullianum
1989 737 2037 776 c.
2070 719 2244 780 Marc.
2277 718 2382 789 Ill,
2428 728 2500 780 19
2547 719 2717 794 panis
2763 722 2855 777 est
2885 719 3075 794 figura

456 812 720 887 corporis
754 806 997 891 Christi)
1049 815 1130 867 est
1179 825 1389 881 corpus
1438 827 1624 866 meum
1656 810 1766 868 etc.
1833 807 2114 883 Adeoque
2161 806 2711 865 Tertullianus
2759 807 3072 884 significat,

457 900 760 958 Christum
790 897 1180 957 eucharistiae
1211 896 1595 955 institutione
1627 896 1978 972 adimplesse
2000 896 2266 974 figuram,
2291 898 2467 973 juxta
2498 916 2676 972 quam
2709 896 2878 972 panis
2909 896 3074 973 apel-

460 988 682 1047 latione
731 987 1126 1064 significatum
1177 986 1296 1044 fuit
1346 986 1408 1043 in
1439 985 1507 1046 V.
1540 986 1602 1047 T.
1635 986 1675 1045 l.
1708 986 1807 1045 cit.
1858 1004 2072 1061 corpus
2104 986 2315 1062 ipsius,
2350 990 2412 1044 et
2443 986 2682 1061 quidem
2714 985 3074 1062 adimplesse

459 1076 976 1154 repraesentandO,
1011 1079 1083 1134 ut
1113 1075 1382 1151 loquitur
1414 1073 1459 1144 Ι,
1503 1085 1578 1136 14
1613 1075 1648 1132 i.
1679 1093 1730 1133 e.
1762 1093 2042 1150 praesens
2072 1075 2403 1134 exhibendo
2434 1075 2547 1134 sub
2578 1093 2731 1151 pane
2764 1093 2870 1134 seu
2900 1074 3069 1151 panis

461 1166 658 1241 specie
691 1184 903 1242 corpus
935 1184 1129 1223 suum.
1194 1163 1273 1222 Cf.
1319 1163 1602 1222 Katholik
1643 1173 1829 1228 1864.
1861 1164 1906 1234 1,
1944 1173 2064 1229 277
2103 1183 2208 1232 sS.;
2255 1164 2507 1223 Billot
2551 1164 2635 1226 th.
2672 1173 2751 1228 38
2788 1162 2820 1231 ἓ
2856 1173 2891 1227 3
2926 1184 2983 1223 ιι.
3019 1172 3074 1226 3.

635 1286 702 1354 2.
737 1291 895 1348 Haec
915 1289 1285 1365 objiciuntur
1303 1307 1372 1347 ex
1394 1288 1729 1366 Origenis
1756 1288 1907 1349 serie
1927 1290 1993 1347 in
2010 1289 2220 1352 Matth.
2239 1308 2300 1350 n.
2325 1299 2401 1353 85
2428 1283 2691 1369 (Migne
2726 1284 3073 1368 13,1734):

463 1380 640 1449 ,Non
671 1380 831 1439 enim
861 1398 1073 1454 panem
1105 1378 1280 1436 illum
1325 1378 1642 1448 visibilem,
1690 1397 1868 1453 quem
1914 1379 2156 1438 tenebat
2199 1379 2263 1437 in
2304 1378 2595 1449 manibuS,
2646 1396 2864 1455 corpus
2898 1396 3076 1437 suum

458 1468 693 1528 dicebat
723 1469 881 1528 Deus
916 1468 1193 1538 Verbum,
1225 1468 1327 1525 sed
1361 1468 1630 1537 verbum,
1677 1468 1739 1525 in
1789 1469 1962 1543 cujus
2004 1467 2289 1544 mysterio
2336 1467 2529 1526 fuerat
2576 1467 2745 1543 panis
2778 1467 2880 1526 ille
2912 1468 3073 1526 fran-

456 1558 690 1635 gendus
724 1607 737 1620 .
768 1606 782 1621 .
817 1601 831 1615 .
863 1557 1013 1615 Nam
1060 1556 1274 1631 corpus
1308 1556 1414 1615 Dei
1443 1555 1621 1615 Verbi
1673 1560 1780 1614 aut
1829 1557 2070 1634 sanguis
2117 1557 2259 1633 quid
2313 1556 2479 1616 aliud
2528 1574 2658 1616 esse
2689 1560 2907 1633 potest,
2960 1556 3076 1614 nisi

460 1648 728 1716 verbum,
763 1646 921 1721 quod
953 1645 1165 1716 nutrit,
1199 1649 1262 1704 et
1291 1645 1560 1716 verbum,
1594 1646 1753 1720 quod
1785 1645 2060 1705 laetificat
2089 1649 2271 1705 cor'?‘
2341 1645 2499 1715 Quae
2531 1649 2730 1703 tamen
2762 1645 2941 1704 nimis
2972 1664 3075 1703 ur-

461 1754 600 1813 gere
630 1739 938 1812 nequeunt
969 1734 1429 1807 sacramentarii,
1463 1734 1606 1810 quia
1637 1734 1910 1811 alioquin
1941 1740 2141 1794 actum
2171 1739 2265 1794 est
2297 1736 2369 1793 de
2399 1735 2532 1810 ipsa
2563 1734 2951 1793 eucharistiae
2984 1734 3076 1791 in-

462 1826 777 1884 stitutione
809 1829 871 1884 et
902 1826 1285 1894 sacramento,
1319 1842 1504 1898 eaque
1535 1823 1610 1883 ad
1644 1823 1881 1882 literam
1902 1828 2139 1901 accepta
2158 1824 2308 1884 falsa
2325 1824 2551 1891 forent3
2585 1842 2767 1899 quare
2788 1823 3075 1900 Origenes

459 1913 532 1973 iis
562 1914 871 1991 significat,
926 1914 1020 1971 vel
1069 1931 1281 1988 panem
1328 1912 1498 1970 illum
1545 1931 1665 1971 non
1696 1931 1804 1988 per
1835 1932 1898 1972 sc
1929 1913 2113 1973 fuisse
2147 1913 2363 1973 Christi
2395 1931 2626 1989 corpus,
2664 1913 2765 1971 sed
2798 1913 2858 1971 vi
2890 1911 3074 1980 verbi,

459 2022 577 2078 quo
608 2008 737 2062 erat
768 2001 1199 2062 consecrandus
1218 2024 1241 2084 3,
1284 2002 1378 2060 vel
1428 2020 1545 2060 non
1576 2020 1704 2059 esse
1756 2002 1931 2060 nobis
1983 2020 2198 2078 corpus
2231 2002 2448 2061 Christi
2491 2002 2613 2060 nisi
2658 2002 2888 2060 ratione
2920 1999 3073 2069 fidei,

457 2092 576 2151 nisi
593 2093 718 2153 scil.
735 2092 887 2151 illud
909 2091 1108 2149 debita
1121 2110 1256 2150 cum
1274 2089 1386 2149 fide
1402 2090 1788 2164 accipiamus;
1822 2091 1918 2149 vel
1950 2092 2157 2150 relicto
2189 2109 2366 2150 sensu
2381 2092 2639 2167 propri0,
2671 2090 2821 2149 forte
2837 2093 3077 2165 propter

456 2182 659 2241 arcani
690 2180 1065 2257 disciplinam
1098 2179 1195 2259 (cf.
1213 2181 1343 2255 ejus
1363 2180 1547 2239 verba
1565 2198 1623 2242 n.
1648 2190 1768 2243 357
1792 2175 1859 2261 ι),
1883 2180 2143 2239 deflectit
2164 2181 2234 2239 ad
2258 2180 2631 2257 allegoriam:
2667 2198 2818 2255 quae
2834 2197 3075 2254 respon·
3164 2240 3171 2247 ,

459 2271 549 2329 sio
583 2271 925 2329 illustratur
954 2288 1022 2328 ex
1054 2270 1208 2328 hom.
1251 2279 1323 2331 16
1360 2268 1424 2327 in
1457 2269 1666 2327 Num:
1734 2269 1989 2337 ,Bibere
2036 2269 2293 2328 dicimur
2325 2269 2675 2346 sanguinem
2708 2269 2924 2328 Christi
2956 2286 3075 2327 non

455 2360 653 2419 solum
683 2362 1185 2419 sacramentorum
1218 2358 1359 2428 ritu,
1412 2358 1514 2416 sed
1565 2362 1626 2416 et
1674 2376 1808 2416 cum
1863 2376 2161 2417 sermones
2209 2359 2339 2434 ejus
2373 2357 2705 2433 recipimus
2759 2358 2821 2416 in
2853 2357 3075 2434 quibus

457 2449 582 2508 vita
614 2448 946 2510 consistit.‘
1009 2447 1087 2506 Et
1116 2466 1320 2507 revera
1367 2447 1747 2525 Origenes
1796 2448 1835 2505 1.
1881 2466 1928 2509 c.
1973 2452 2141 2506 totus
2187 2452 2280 2506 est
2329 2448 2393 2506 in
2425 2447 2721 2506 sectandis
2754 2444 3074 2524 allegoriis.

456 2538 538 2596 Cf.
570 2538 771 2596 Dela
802 2538 954 2597 Rue
986 2556 1080 2613 op.
1115 2537 1276 2614 Orig.
1294 2536 1401 2608 111,
1439 2546 1601 2607 8983
1633 2536 1912 2596 Probst
1941 2537 2088 2595 Tfib.
2123 2536 2375 2606 Qtlschr.
2416 2545 2582 2599 1864
2614 2556 2671 2613 p.
2708 2543 3077 2605 449-534,

636 2640 703 2708 3.
736 2644 1072 2722 Allogorice
1121 2661 1364 2720 quoque
1415 2643 1602 2719 accipi
1653 2643 1892 2716 debent,
1957 2663 2109 2720 quae
2170 2644 2537 2721 objiciuntur
2583 2662 2654 2702 ex
2703 2642 2794 2719 Cy
2812 2663 2850 2720 p
2868 2643 3076 2703 riani

456 2754 546 2810 ep.
583 2744 663 2796 63
698 2753 756 2796 ιι.
797 2743 873 2798 13
923 2733 1017 2806 (cf.
1050 2751 1250 2810 opusc.
1283 2733 1433 2802 XXI,
1472 2742 1595 2796 208
1630 2732 1707 2811 a.)
1753 2739 1816 2793 et
1859 2752 1929 2793 ex
1974 2733 2414 2812 Augustini
2460 2751 2505 2792 s.
2543 2742 2662 2796 272
2711 2733 2785 2791 ad
2816 2733 3075 2793 infantes

458 2819 554 2901 (cf.
598 2841 798 2900 opusc.
845 2823 1106 2893 XXXIII,
1156 2832 1236 2886 83
1270 2841 1347 2880 ss.
1393 2841 1443 2881 a.
1490 2824 1551 2880 et
1581 2823 1783 2892 XLVI,
1820 2832 1900 2885 39
1936 2819 2026 2902 8.).
2086 2824 2173 2882 De
2218 2824 2349 2882 aliis
2393 2821 2660 2898 ejusdem
2705 2821 3073 2891 testimoniis,

464 2913 673 2985 quibus
693 2911 1104 2971 eucharistiam
1139 2916 1313 2970 vocat
1343 2912 1405 2969 si
1420 2930 1516 2989 gn
1532 2932 1649 2970 um
1681 2914 1939 2988 corporis
1959 2914 2173 2972 Christi
2187 2931 2417 2971 necnon
2441 2911 2515 2969 de
2545 2911 2742 2971 verbis
2761 2913 3076 2971 Facundi

470 2999 742 3060 hermian.
769 3001 1067 3060 sufficiant
1085 3000 1246 3059 dicta
1263 3019 1320 3061 n.
1345 3009 1490 3064 337.
1515 3011 1661 3064 353.
1685 3012 1807 3064 357
1824 3000 1865 3062 ³.
1899 3001 1978 3061 cf.
2000 3002 2312 3080 Algerus
2332 3001 2436 3072 111,
2467 3012 2539 3063 17
2566 3021 2637 3060 ss.
2667 3021 2866 3078 opusc.
2884 3001 3075 3060 XXIII

470 3107 599 3146 cum
630 3095 824 3152 annot.
856 3111 913 3166 p.
951 3100 1051 3153 83.
1086 3100 1186 3153 87.
1222 3098 1320 3153 89.
1358 3098 1503 3152 202.

636 3209 701 3276 4.
734 3214 955 3284 Quodsi
986 3232 1032 3271 S.
1065 3214 1522 3290 Augustinus
1554 3232 1643 3288 ep.
1669 3223 1793 3276 205
1819 3214 1894 3273 ad
1914 3215 2294 3274 Consentium
2329 3216 2603 3274 dubitare
2637 3215 2891 3286 videtur,
2928 3233 3075 3275 num

458 3302 718 3361 Christus
748 3305 809 3361 in
841 3303 1001 3362 coelo
1034 3302 1247 3360 habeat
1279 3303 1655 3379 sanguinem:
1691 3304 2073 3363 manifestum
2106 3311 2212 3374 est,
2247 3323 2381 3363 eum
2416 3323 2535 3364 non
2556 3304 2827 3364 dubitare
2847 3305 2919 3364 de
2938 3325 3074 3365 san-

456 3391 637 3468 guine
669 3392 993 3451 secundum
1024 3390 1436 3461 substantiam,
1473 3411 1606 3450 cum
1640 3393 1733 3450 hic
1764 3393 1837 3450 ad
1872 3395 2130 3469 corporis
2153 3397 2379 3469 spectat
2400 3396 2694 3464 naturam,
2716 3414 2894 3470 quam
2918 3398 3074 3454 certe

455 3482 750 3557 integram
786 3481 1100 3556 resumpsit
1133 3482 1194 3539 in
1225 3482 1657 3540 resurrectione
1689 3481 1985 3553 Christus-3
2035 3484 2138 3542 sed
2184 3484 2488 3541 exclusum
2533 3483 2669 3540 vult
2719 3485 3073 3560 sanguinem

458 3569 785 3628 secundum
817 3570 1154 3629 affectiones
1186 3571 1342 3628 vitae
1374 3571 1670 3641 mortalis;
1721 3589 1861 3629 nam
1891 3574 2055 3631 totus
2087 3572 2147 3629 in
2178 3590 2246 3630 eo
2277 3577 2383 3640 est,
2417 3575 2488 3630 ut
2518 3590 2750 3629 omnem
2782 3591 2817 3631 a
2849 3574 3073 3632 Christo

455 3662 758 3718 removeat
789 3660 1183 3735 corruptionis
1213 3659 1500 3718 umbram.
1563 3660 1708 3719 Cum
1757 3663 1957 3719 autem
2008 3662 2248 3738 sanguis
2298 3661 2548 3719 maxime
2599 3663 2964 3737 corruptioni
3013 3667 3074 3721 et

459 3748 774 3824 multiplici
803 3748 1125 3807 mutationi
1156 3749 1235 3806 sit
1264 3747 1439 3806 modo
1471 3749 1776 3818 obnoxius,
1809 3750 1939 3808 ideo
1970 3769 2093 3809 non
2124 3750 2258 3809 vult
2289 3749 2572 3809 subtilem
2604 3750 2751 3807 hanc
2783 3754 2845 3808 et
2876 3753 3071 3809 curio-

459 3854 580 3894 sam
610 3838 798 3913 magis
829 3856 1009 3912 quam
1040 3838 1249 3895 utilem
1283 3837 1514 3914 ingredi
1545 3839 1972 3913 quaestionem,
2006 3858 2125 3915 qua
2158 3839 2462 3907 ,fortassis
2494 3841 2733 3914 accepta
2753 3841 3069 3908 occasione,

457 3921 651 4000 inquit
682 3926 777 3996 ib„
812 3925 1050 4002 urgebit
1079 3944 1189 3984 nos
1221 3926 1523 3985 molestior
1554 3931 1970 4002 perscrutator,
2020 3930 2081 3986 et
2113 3928 2285 3987 dicit:
2338 3928 2399 3986 Si
2428 3928 2668 4005 sanguis
2701 3921 2820 4010 (est
2850 3929 2912 3986 in
2944 3947 3070 3988 cor-

456 4031 597 4088 pore
629 4012 886 4096 Christi),
923 4034 1029 4072 cur
1059 4033 1177 4073 non
1211 4017 1272 4072 et
1300 4016 1535 4091 pituita,
1571 4035 1677 4073 cur
1707 4034 1827 4075 non
1872 4027 1933 4076 et
1979 4017 2057 4076 fel
2089 4018 2308 4076 flavum
2342 4021 2404 4076 et
2433 4016 2513 4074 fel
2545 4017 2801 4093 nigrum,
2854 4019 3071 4092 quibus

456 4104 715 4177 quatuor
763 4104 1112 4162 humoribus
1176 4107 1449 4163 naturam
1513 4106 1703 4164 carnis
1761 4107 2077 4182 temperari
2139 4107 2315 4165 eiiam
2379 4105 2702 4165 medicinae
2765 4106 3072 4182 disciplina

457 4195 801 4252 testatur?‘

1432 4387 1947 4455 Articulus
1995 4388 2093 4457 Π.

1185 4493 1289 4557 De
1337 4493 2351 4558 Transsubstantiatione.

632 4618 781 4684 359.
825 4614 1345 4681 Transsubstanti
1349 4620 1581 4682 ationis
1611 4617 2289 4701 ὤμω-(3311101108
2307 4618 2608 4683 doctrina
2623 4619 2703 4683 de
2723 4639 2804 4682 ss.
2827 4618 3067 4683 eucha-

461 4719 679 4786 ristiae
711 4730 1119 4788 sacramento
1141 4743 1272 4788 non
1292 4724 1648 4789 absolvitur
1664 4724 2083 4805 professione,
2096 4746 2328 4807 corpus
2351 4734 2415 4791 et
2437 4727 2813 4807 sanguinem
2834 4725 3067 4791 Christi
