3538 5364
552 278 678 343 150
845 269 1029 322 Tract.
1058 268 1205 321 VIII.
1231 268 1301 321 de
1318 264 1752 338 justificatione.
1781 265 2191 320 Thesis'CCIIL
2219 265 2418 319 Gratia
2436 265 2871 335 justificationis

545 448 906 532 contingere,
939 454 991 513 si
1015 455 1224 530 justus
1254 448 1479 529 peccati
1512 450 1764 525 venialis
1797 468 1949 511 reus·
1969 455 2109 511 actu
2141 451 2398 528 positivo
2430 446 2524 510 illi
2555 449 2936 530 inhaereret).
3000 451 3179 511 Obti-

544 544 674 604 neri
707 540 770 606 5.
805 543 1216 604 remissionem
1239 543 1421 617 hujus
1440 542 1665 618 peccati
1696 541 1793 600 vel
1825 554 1893 599 ex
1924 559 2098 617 opere
2127 540 2450 616 operantia,
2482 540 2715 599 actibus
2735 541 2860 600 scil.
2883 541 3177 610 caritatis,

547 634 946 708 poenitentiae
978 632 1347 707 aliarumque
1372 632 1694 701 virtutum,
1742 649 1894 706 quae
1941 629 2195 711 peccatis
2243 630 2574 689 commissis
2616 622 3007 707 opponuntur
3050 631 3173 688 vir-

544 716 886 797 tualemque
904 741 1108 780 eorum
1131 713 1570 799 displicentiam
1590 714 1941 788 involvunt;
1976 718 2071 778 vel
2102 737 2171 777 ex
2203 738 2379 795 opere
2399 722 2641 794 operato
2661 716 2767 795 per
2786 723 3175 783 sacramenta,

544 805 802 887 adquae
834 817 1049 878 tamen,
1094 813 1163 868 ut
1194 810 1351 867 hunc
1383 809 1714 886 producant
1744 800 2038 879 effectum,
2085 808 2441 868 conveniens
2475 807 2788 883 dispositio
2818 808 3177 883 requiritur.

545 900 625 959 cf.
660 900 976 958 Thomas
1014 910 1068 961 3.
1103 919 1159 973 p.
1194 918 1247 973 q.
1284 907 1396 965 87:
1441 897 1767 973 Ripalda
1799 896 1948 973 disp.
1984 906 2062 959 97
2099 901 2237 956 sect.
2273 907 2341 967 43
2393 897 2649 956 Collet
2679 896 2753 955 de
2782 896 3000 972 poenit
3034 916 3095 973 p.
3133 905 3176 958 2

543 1008 592 1050 o.
628 999 663 1052 3
698 1009 748 1048 a.
789 1000 840 1052 1.
874 1008 931 1049 n.
968 997 1083 1058 323
1120 988 1328 1046 Linzer
1360 987 1615 1057 Qtlschr.
1655 995 1811 1050 1881
1856 1005 1987 1064 pag.
2025 996 2148 1051 500
2184 1004 2294 1055 ss‚;
2340 986 2415 1051 de
2457 986 2943 1063 Augustinis
2990 987 3063 1045 de
3109 1005 3180 1044 re

545 1096 688 1141 sacr.
720 1081 795 1140 tr.
831 1089 864 1141 5
899 1098 957 1156 p.
998 1089 1020 1139 l
1062 1096 1111 1139 a.
1148 1087 1218 1148 93
1252 1077 1473 1137 Sasse
1504 1075 1577 1134 de
1608 1094 1751 1138 sacr.
1786 1075 2078 1134 Ecclesiae
2108 1076 2186 1147 11,
2223 1085 2348 1149 226
2384 1093 2492 1139 ss..

729 1212 869 1267 175.
904 1197 1324 1269 Declaratlo
1357 1217 1424 1282 p.
1455 1198 1561 1266 II.
1609 1201 1909 1277 Aliquem
1935 1201 2112 1259 alteri
2145 1206 2450 1278 gratum
2499 1220 2646 1271 esse,
2695 1200 2991 1278 significat
3035 1218 3176 1258 eum

547 1293 723 1368 hujus
753 1292 874 1353 frui
905 1292 1111 1368 gratia
1129 1310 1235 1350 seu
1267 1290 1697 1375 benevolentia,
1731 1290 1787 1351 ei
1819 1290 2047 1366 placere
2077 1293 2257 1366 atque
2286 1309 2413 1349 esse
2434 1294 2758 1377 acceptum.
2805 1288 3172 1348 Benevolen-

543 1383 630 1439 tia
660 1400 798 1440 vero
832 1379 994 1440 varia
1024 1399 1153 1439 esse
1185 1383 1387 1455 potest
1418 1398 1525 1455 pro
1559 1380 1791 1438 diverso
1823 1378 2014 1456 gradu
2043 1379 2423 1454 perfectionis
2456 1379 2550 1438 vel
2581 1366 2886 1446 bonitatiS,
2923 1396 3075 1454 quae
3109 1378 3178 1435 in

545 1470 776 1546 objecto
808 1474 976 1547 grato
1008 1469 1319 1544 reperitur.
1385 1469 1538 1527 Hinc
1571 1487 1705 1528 cum
1739 1487 1944 1526 omnes
1976 1471 2277 1527 creaturae
2307 1468 2576 1527 bonitate
2608 1468 2812 1543 aliqua
2842 1468 2968 1525 sint
2998 1482 3174 1543 prae-

544 1559 722 1630 ditae,
759 1577 961 1617 omnes
993 1558 1114 1617 Deo
1146 1560 1348 1635 gratae
1380 1557 1496 1616 dici
1526 1560 1781 1633 possunt
1810 1551 1979 1638 (Gen.
2022 1569 2073 1627 l,
2115 1568 2171 1618 4.
2213 1570 2286 1620 10
2321 1553 2478 1640 etc.).'
2532 1556 2749 1617 Verum
2781 1575 2903 1614 non
2927 1555 3043 1614 ¹hao
3072 1576 3172 1614 ra-

545 1649 704 1707 tione
734 1648 1011 1725 generica
1042 1647 1262 1711 dicitur
1282 1646 1475 1723 gratia
1494 1646 1868 1705 sanctificans
1890 1646 2192 1704 hominem
2209 1646 2453 1706 reddere
2473 1649 2731 1723 gratum,
2753 1646 2873 1705 ‘sed
2905 1644 3172 1721 speciali,

544 1743 840 1814 quatenus
873 1737 1099 1794 scilicet
1129 1737 1425 1794 hominem
1460 1754 1527 1793 ea
1557 1740 1836 1794 ornatum
1869 1735 1954 1794 sic
1989 1736 2104 1794 Deo
2135 1735 2335 1794 reddit
2353 1740 2679 1811 acceptum,
2714 1739 2786 1792 ut
2817 1733 2927 1793 sibi
2964 1734 3029 1791 in
3060 1733 3175 1792 illo

543 1826 902 1901 complaceat
933 1844 1052 1883 non
1084 1828 1316 1883 tantum
1367 1828 1437 1883 ut
1480 1825 1546 1882 in
1591 1842 1815 1883 servo
1860 1823 2042 1894 fideli,
2092 1824 2196 1883 sed
2241 1824 2419 1883 etiam
2464 1829 2535 1883 ut
2579 1824 2643 1882 in
2675 1822 2919 1881 amico
2951 1826 3024 1881 et
3045 1823 3170 1881 filio

542 1914 864 1977 carissimo,
912 1914 992 1972 Ut
1021 1914 1117 1972 hic
1149 1914 1395 1973 effectus
1426 1914 1644 1972 melius
1664 1913 2060 1990 intelligatur,
2094 1913 2383 1988 quaedam
2417 1932 2486 1972 ex
2519 1912 2891 1972 Mazzella
2922 1912 2993 1971 de
3025 1912 3177 1971 virt.

542 2003 759 2085 infusis
791 2003 846 2061 d.
884 2013 920 2065 6
968 2023 1002 2061 a
1053 2013 1087 2066 5
1138 2002 1211 2061 de
1255 2002 1611 2061 amicitia
1656 2001 2094 2065 adnotabimus.
2151 2002 2437 2075 Amicitia
2483 1997 2544 2067 l.
2593 2005 2793 2078 potest
2836 2001 3024 2077 accipi
3072 2000 3169 2059 vel

542 2092 1095 2167 inadaequate,
1144 2094 1207 2150 et
1248 2092 1335 2149 ita
1379 2093 1474 2150 est
1517 2110 1682 2150 amor
1717 2091 2045 2150 benevolus
2078 2092 2260 2150 unius
2293 2109 2434 2168 erga
2464 2091 2752 2159 alterum;
2801 2091 2893 2150 vel
2940 2090 3169 2148 adae·

541 2184 774 2257 quate
818 2184 881 2239 et
926 2180 1012 2238 ita
1048 2180 1332 2239 definitur
1361 2181 1436 2238 ab
1466 2180 1792 2239 Aristotele
1827 2184 2080 2250 ,mutua
2110 2180 2449 2256 aliquorum
2478 2179 2898 2239 benevolentia
2927 2197 3050 2238 non
3083 2179 3174 2237 la·
3248 2242 3277 2268 ·

542 2273 720 2329 tens!
785 2270 897 2328 Pro
929 2269 1159 2328 ratione
1191 2269 1564 2329 fundamenti
1595 2266 1659 2335 2.
1691 2274 1938 2328 mutuae
1968 2269 2414 2329 benevolentiae
2444 2271 2643 2345 potest
2673 2288 2742 2328 ea
2771 2267 3067 2344 distingui
3099 2268 3167 2325 in

540 2358 862 2417 amicitiam
892 2358 1201 2429 utilem,
1237 2358 1824 2430 delectabilem,
1858 2359 2288 2430 honestam,
2322 2378 2474 2434 quae
2506 2359 2723 2417 ultima
2752 2358 2942 2416 solum
2975 2362 3167 2415 meret

538 2466 754 2506 nomen
788 2466 957 2506 verae
988 2448 1301 2506 amicitiae.
1366 2446 1743 2506 conditiones
1791 2451 1991 2505 autem
2039 2445 2102 2511 3.
2146 2447 2221 2505 ad
2259 2448 2582 2506 amicitiam
2627 2446 2951 2522 requisitae
2984 2448 3165 2504 sunt:

538 2551 602 2599 8.
635 2537 1090 2612 aequalitas
1122 2536 1532 2605 interemicos,
1566 2536 1725 2595 unde
1757 2536 1910 2597 illud
1944 2554 1988 2596 s.
2021 2537 2476 2614 Hieronymi
2508 2538 2572 2596 in
2594 2536 2888 2595 Michaeas
2913 2545 2945 2597 7
2972 2535 3168 2604 ,ami-

538 2625 681 2685 citia
710 2643 882 2702 pares
914 2628 1020 2685 aut
1050 2625 1285 2685 invenit
1315 2629 1421 2684 aut
1450 2623 1651 2684 fucit.‘
1700 2624 1962 2684 Admitti
1994 2628 2196 2685 tamen
2227 2627 2379 2686 solet
2409 2626 2591 2685 etiam
2625 2624 2888 2685 amicitia
2919 2642 3048 2682 exc
3067 2623 3166 2682 el·

536 2716 662 2774 len
679 2715 867 2786 tiae,
901 2735 1052 2790 quae
1086 2720 1285 2791 vigere
1316 2717 1515 2789 potest
1544 2714 1706 2772 int-er
1737 2732 1855 2784 eos,
1905 2714 2008 2789 qui
2056 2719 2201 2784 sunt
2244 2716 2310 2774 in
2354 2716 2589 2775 diverso
2623 2713 2940 2792 dignitatis
2971 2714 3166 2790 gradu

538 2804 879 2863 constituti:
914 2804 1019 2863 sed
1039 2808 1183 2862 tunc
1203 2803 1549 2879 requiritur,
1584 2805 1655 2860 ut
1685 2802 1958 2878 superior
1988 2821 2050 2861 se
2081 2804 2331 2863 inclinet
2360 2808 2422 2864 et
2451 2805 2524 2863 ad
2560 2823 2621 2863 se
2657 2803 2897 2862 attollat
2927 2802 3172 2861 inferio·

537 2913 659 2952 rem
706 2912 843 2951 eum
888 2892 1172 2951 elevando
1218 2892 1292 2950 ad
1329 2891 1777 2950 convenientem
1809 2891 2195 2968 dignitatem:
2247 2893 2633 2969 quamobrem
2683 2911 2785 2951 rex
2832 2890 3172 2950 Alexander

538 2982 742 3040 volens
776 2981 1092 3039 Jonatham
1120 2981 1475 3056 judaeorum
1499 2980 1708 3038 ducem
1743 2981 1809 3038 in
1839 2982 2093 3040 amicum
2126 3000 2441 3051 assumere,
2479 2984 2636 3040 misit
2669 2984 2720 3039 ei
2744 2998 3084 3056 purpuram
3115 2988 3171 3037 et

537 3089 809 3128 coronam
842 3088 1083 3127 aurea-m
1119 3063 1204 3150 (1.
1238 3069 1422 3127 Mach.
1469 3080 1561 3138 lo,
1600 3065 1738 3150 2o):
1789 3073 1851 3128 et
1894 3071 2044 3129 bene
2092 3074 2263 3129 notat
2308 3090 2354 3130 s.
2393 3071 2712 3130 Thomas
2743 3088 2792 3128 c.
2823 3071 3034 3147 gentes
3066 3069 3166 3138 IV,

542 3170 654 3222 54:
703 3157 944 3227 ,Quum
976 3158 1237 3217 amicitia
1282 3159 1346 3216 in
1379 3159 1631 3233 quadam
1662 3159 2025 3233 aequalitate
2057 3161 2361 3230 consistat,
2410 3179 2493 3232 ea,
2526 3179 2678 3235 quae
2710 3159 2970 3218 multum
3001 3159 3168 3216 inae-

535 3247 735 3322 qualia
766 3250 927 3312 sunt,
962 3247 1025 3305 in
1056 3247 1318 3306 amicitia
1337 3248 1600 3323 copulari
1632 3267 1752 3306 non
1775 3267 1945 3324 posse
1965 3248 2264 3307 videntur.
2310 3248 2402 3307 Ad
2437 3249 2545 3308 hoc
2575 3249 2767 3325 igitur
2799 3247 2961 3323 quod
2993 3246 3170 3305 fami-

537 3336 739 3394 liarior
774 3335 1037 3393 amicitia
1082 3339 1241 3394 esset
1283 3336 1443 3394 inter
1487 3337 1785 3395 hominem
1834 3341 1897 3396 et
1941 3338 2148 3408 Deum,
2202 3338 2520 3414 expediens
2554 3337 2672 3396 fuit
2706 3336 2949 3405 homini,
3007 3337 3166 3411 quod

534 3424 693 3482 Deus
727 3424 893 3482 fieret
923 3424 1115 3494 homo,
1152 3425 1293 3500 quia
1325 3425 1505 3483 etiam
1536 3426 1899 3484 naturaliter
1928 3426 2104 3485 homo
2135 3426 2361 3485 homini
2392 3428 2618 3486 amicus
2651 3428 2746 3486 est
2775 3429 2847 3484 ut
2880 3426 2984 3497 sic,
3018 3425 3164 3482 dum

537 3513 853 3571 visibiliter
883 3513 1071 3572 Deum
1103 3515 1531 3591 cognoscimuS,
1565 3514 1630 3572 in
1661 3514 2061 3574 invisibilium
2093 3534 2350 3574 amorem
2383 3517 2743 3592 rapiamur.‘
2812 3511 2883 3578 b.
2917 3515 3120 3573 Bene
3141 3546 3169 3558 -

535 3601 838 3660 volenti
860 3622 922 3672 a,
954 3606 1019 3661 et
1050 3602 1288 3677 quidem
1322 3617 1386 3666 e.
1419 3606 1717 3674 mutua,
1751 3622 1871 3678 qua
1903 3623 1965 3663 se
1997 3623 2116 3663 non
2149 3609 2390 3679 propter
2420 3605 2745 3664 utilitatem
2781 3605 2876 3662 vel
2909 3603 3167 3662 delecta-

535 3689 778 3761 tionem,
810 3691 912 3750 sed
945 3696 1189 3768 propter
1220 3710 1284 3750 se
1315 3691 1599 3768 diligunt,
1642 3692 1728 3750 ita
1760 3689 1829 3758 d.
1863 3696 1933 3752 ut
1963 3712 2034 3751 ea
2064 3712 2182 3751 non
2215 3694 2398 3752 lateat
2427 3695 2622 3769 ipsos:
2669 3711 2945 3769 quaeque
2979 3707 3038 3758 e.
3071 3693 3164 3749 ni-

534 3783 701 3838 tatur
731 3781 932 3856 aliqua
963 3780 1249 3839 bonorum
1283 3781 1713 3841 communione.
1781 3782 1860 3839 Ut
1891 3801 2032 3858 ergo
2062 3777 2130 3844 4.
2165 3781 2338 3841 homo
2370 3777 2565 3841 amore
2596 3781 2897 3841 amicitiae
2929 3781 3170 3839 divinae

537 3870 657 3926 tam
688 3869 956 3927 indebito
989 3873 1293 3928 creaturae
1328 3887 1531 3928 servae
1570 3870 1855 3928 reddatur
1873 3870 2113 3947 dignus,
2148 3889 2382 3929 necesse
2414 3873 2524 3941 est,
2557 3874 2631 3930 ut
2663 3871 2781 3947 ipsi
2812 3869 3169 3928 infundatur

536 3956 572 4013 d
592 3959 679 4014 on
698 3977 829 4027 um,
879 3976 997 4032 quo
1018 3958 1287 4017 elevetur
1304 3957 1647 4034 dignusque
1667 3959 1953 4018 reddatur
1973 3978 2170 4018 amore
2202 3959 2424 4029 divin0,
2461 3961 2618 4036 quod
2651 3960 2880 4018 donum
2913 3957 3167 4017 dicimus

535 4063 659 4104 esse
678 4047 931 4122 gratiam
955 4046 1449 4118 sanctificantem;
1488 4051 1550 4105 et
1580 4048 1872 4118 virtus,
1905 4066 2024 4124 qua
2044 4048 2236 4123 possit
2255 4049 2442 4108 Deum
2474 4049 2776 4108 redamare
2809 4065 3024 4118 amore,
3059 4046 3166 4121 qui

532 4134 889 4209 respondeat
922 4135 1107 4193 amori
1140 4134 1341 4194 divino
1375 4141 1496 4194 tam
1527 4137 1826 4205 indebito;
1862 4137 2000 4195 hinc
2030 4137 2288 4213 legimus
2322 4137 2447 4198 Gal.
2483 4149 2539 4208 4,
2575 4148 2648 4201 4:
2696 4137 2988 4209 Quoniam
3032 4138 3172 4194 estis

531 4224 658 4299 filii,
695 4225 852 4281 misit
883 4224 1045 4281 Deus
1076 4224 1363 4299 Spiritum
1382 4225 1525 4283 Filii
1554 4227 1649 4283 sui
1679 4227 1741 4283 in
1773 4227 1951 4284 corda
1982 4234 2170 4285 vestra
2202 4227 2582 4286 clamantem:
2616 4225 2782 4285 Abba
2805 4226 3019 4284 Pater:
3050 4244 3174 4300 qua

531 4311 603 4369 de
642 4331 705 4370 re
737 4313 900 4370 aliaS.
963 4312 1044 4374 Of.
1078 4312 1397 4372 Toletus
1442 4314 1505 4371 iu
1541 4324 1595 4376 2.
1633 4323 1687 4376 2.
1721 4333 1778 4389 q.
1815 4324 1893 4377 23
1929 4326 2085 4384 a.1;
2131 4308 2444 4374 Maurus
2477 4334 2574 4392 qq.
2605 4314 2790 4373 theol.
2824 4314 2863 4371 l.
2901 4307 2935 4376 2'
2972 4333 3029 4388 q.
3066 4321 3169 4398 62.

724 4462 861 4516 176.
908 4448 1453 4517 Demonstrati«)
1483 4469 1555 4534 p.
1590 4450 1695 4516 Π.
1761 4454 1998 4513 Veritas
2032 4454 2211 4526 hujus
2242 4454 2428 4532 partis
2459 4456 2758 4531 probatur
2809 4451 2874 4516 1.
2922 4474 2991 4514 ex
3024 4462 3170 4514 con'·

533 4542 667 4600 cilio
713 4542 908 4611 trid„
963 4542 1121 4617 quod
1168 4543 1338 4601 docet
1382 4560 1523 4601 sess.
1559 4553 1593 4605 6
1629 4561 1752 4618 cap.
1790 4552 1846 4605 4.
1884 4554 1937 4613 7,
1991 4543 2287 4601 hominem
2334 4542 2465 4602 fieri
2509 4544 2588 4602 in‘
2610 4544 3051 4620 justificatione
3097 4561 3167 4602 ex

532 4631 773 4690 inimico
805 4631 1125 4689 amicum
1156 4635 1217 4689 et
1247 4631 1489 4707 quidem
1522 4632 1859 4690 voluntaria
1889 4632 2264 4707 susceptione
2295 4633 2520 4708 gratiae
2550 4636 2611 4692 et
2642 4634 2957 4695 donorum.
2989 4630 3056 4697 2.
3081 4633 3168 4691 Ex

534 4718 662 4795 ipso
694 4720 935 4779 nomine
966 4720 1303 4797 gratiae,
1337 4721 1498 4797 quod
1531 4721 1594 4778 in
1627 4721 1838 4797 primis
1870 4721 2165 4779 tribuitur
2194 4721 2420 4797 gratiae
2445 4722 2826 4797 justificanti,
2877 4741 3030 4798 quae
3074 4722 3165 4780 in-
