3538 5364
1333 321 1418 372 est
1444 318 1754 374 secundum
1782 318 2083 376 rationem.
2885 328 3016 394 619

581 498 640 566 1.
672 498 845 563 Bene
876 495 1177 564 consulta
1206 497 1373 561 ratio
1405 496 1649 563 nullam
1680 499 1745 562 in
1778 517 1858 565 eo
1878 498 2301 581 deprehendit
2316 519 2620 584 pugnam,
2652 500 2825 585 quod
2848 502 3018 567 Deus

382 602 841 685 praestituerit
870 610 1119 669 certum
1153 610 1421 685 tempus,
1456 625 1511 669 v.
1532 625 1587 687 g.
1611 611 1867 688 tempus
1885 607 2245 688 praesentis
2263 607 2455 684 vitae,
2476 626 2605 690 quo
2625 607 2846 692 elapso
2865 627 3018 691 pec-

388 709 726 775 catoribus
756 708 935 775 nulla
964 729 1113 793 spes
1145 710 1227 776 sit
1255 710 1505 794 reliqua
1552 710 1783 776 veniae
1827 711 2237 777 obtinendae.
2299 712 2368 777 ld
2417 714 2587 777 enim
2637 721 3019 781 consuetum

381 822 495 881 est
523 817 629 882 vel
655 815 1055 899 principibus
1083 817 1403 895 humanis,
1436 818 1545 901 qui
1576 818 1825 901 absque
1856 816 1991 882 ulla
2019 819 2333 900 injustitia
2347 819 2476 885 reis
2497 820 2562 883 in
2581 837 2843 887 carcere
2860 839 3018 887 con-

381 922 653 1000 stitutis,
685 925 806 989 etsi
835 926 1086 992 sincere
1116 924 1614 1008 poenitentibus,
1632 926 1892 990 veniam
1914 925 2070 990 dare
2089 944 2220 990 non
2239 923 2464 991 solent.
2493 925 2629 990 Imo
2649 944 2800 990 cum
2818 945 3020 993 sanae

388 1029 669 1096 rationis
701 1031 1029 1114 principiis
1061 1031 1351 1114 apprime
1382 1031 1696 1114 congruit,
1727 1039 1800 1097 ut
1832 1032 1941 1115 qui
1971 1037 2122 1097 sunt
2150 1030 2385 1098 limites
2432 1031 2797 1114 praesentis
2827 1034 3018 1111 vitae,

386 1136 466 1200 hi
497 1156 755 1220 quoque
784 1145 1168 1204 censeantur
1197 1137 1434 1205 limites
1465 1139 1963 1222 consequendae
1994 1138 2241 1205 veniae.
2303 1139 2441 1204 Hoc
2486 1140 2658 1205 enim
2687 1140 2789 1206 vel
2820 1141 3020 1206 semel

390 1249 632 1325 negato
664 1244 873 1308 omnis
902 1261 1137 1326 scopus
1169 1250 1237 1309 et
1266 1251 1665 1310 momentum
1696 1244 2057 1326 praesentis
2076 1244 2249 1310 vitae
2269 1252 2632 1322 evanescet,
2649 1245 2825 1312 zelus
2858 1264 3020 1328 apo-

386 1349 662 1416 stolicus
692 1351 1156 1433 exstinguetur,
1191 1350 1395 1417 statui
1427 1351 1705 1434 amplius
1749 1351 1977 1435 nequit
2022 1353 2377 1418 necessitas
2420 1352 2556 1419 sive
2600 1354 2923 1434 ingressus
2954 1352 3020 1418 in

385 1455 766 1534 Ecclesiam,
799 1457 936 1523 sive
968 1459 1396 1540 susceptionis
1426 1459 1834 1541 quorundam
1865 1467 2421 1525 sacramentorum
2468 1460 2553 1525 ad
2603 1460 3021 1526 obtinendam

403 1561 697 1629 salutem.
729 1562 1076 1630 Praeterea
1098 1564 1153 1628 si
1168 1563 1340 1630 Deus
1360 1582 1619 1647 semper
1636 1571 1936 1647 parceret
1948 1565 2049 1630 vel
2063 1571 2391 1631 teneretur
2420 1583 2704 1649 parcere,
2725 1567 2850 1633 hoc
2880 1567 3022 1649 ipso

388 1677 775 1751 peccatores
796 1670 879 1735 ad
893 1670 1293 1753 peccandum
1315 1671 1501 1754 eique
1520 1671 1917 1737 illudendum
1949 1671 2295 1738 efficaciter
2311 1679 2839 1754 provocarentur,
2871 1692 3022 1738 cum

383 1776 659 1855 scirent,
692 1776 898 1844 Deum
927 1777 1050 1842 sibi
1081 1779 1343 1843 tandem
1392 1778 1741 1863 aliquando
1791 1784 1941 1861 post
1991 1778 2242 1845 scelera
2286 1780 2569 1845 maxima
2608 1779 2845 1846 debere
2876 1800 3022 1846 esse

384 1882 750 1966 propitium
781 1891 848 1950 et
878 1884 1235 1951 concedere
1268 1887 1615 1951 coelestem
1638 1885 2104 1953 beatitutinem.
2134 1886 2304 1969 Ergo
2337 1886 2437 1951 vel
2469 1887 2683 1970 ipsum
2713 1904 3022 1968 praesen-

401 1990 485 2054 tis
516 1989 692 2058 vitae
723 1998 1124 2058 momentum
1156 1991 1399 2075 Deique
1429 1993 1737 2074 majestas
1769 1992 1967 2073 exigit
1995 2010 2357 2075 poenarum
2389 1992 2858 2059 aeternitatem.
2937 2036 2944 2041 ·

576 2099 643 2167 2.
675 2098 958 2164 Dedecet
987 2097 1193 2164 Deum
1225 2099 1542 2181 ejusmodi
1572 2100 1785 2181 legum
1818 2099 2090 2176 sancti0,
2109 2117 2278 2183 quae
2296 2099 2403 2163 vix
2426 2098 2708 2182 aliquam
2727 2098 2926 2164 faciat
2957 2100 3023 2164 in

391 2202 732 2270 hominem
761 2205 1270 2288 impressionem.
1306 2206 1500 2289 Atqui
1531 2206 1680 2272 talis
1712 2211 1813 2272 est
1840 2224 2057 2289 poena
2087 2205 2428 2272 duratione
2445 2205 2643 2283 finita,
2678 2224 2845 2289 quae
2865 2225 3021 2290 prae

394 2309 733 2377 indefinita
764 2311 1181 2391 beatitudine,
1214 2331 1382 2396 quae
1403 2331 1550 2378 eam
1570 2331 1649 2378 ex
1668 2312 2013 2396 hypothesi
2032 2312 2554 2377 adversariorum
2572 2322 3024 2397 consequetur,

395 2416 630 2482 haberi
659 2424 874 2501 potest
902 2420 1126 2501 puncti
1158 2420 1364 2486 instar
1393 2438 1550 2502 prae
1582 2418 1756 2484 linea
1773 2418 2098 2485 indefinite
2118 2426 2503 2486 excurrente
2523 2428 2720 2501 atque
2738 2420 2845 2485 vix
2864 2437 3021 2485 con-

383 2523 791 2592 sideratione
821 2526 1030 2607 digna.
1092 2525 1307 2606 Quare
1352 2526 1908 2609 Hieronymus
1954 2526 2021 2589 in
2049 2525 2257 2591 Jonae
2288 2530 2359 2595 3:
2428 2525 2712 2600 ,Evertit
2748 2526 3021 2609 penitus,

389 2631 627 2715 inquit,
659 2633 785 2697 hoc
815 2632 1054 2715 dogma
1084 2630 1370 2721 (Origeni
1401 2633 1736 2721 tributum)
1783 2634 2078 2700 timorem
2123 2631 2259 2710 Dei,
2302 2632 2454 2698 dum
2499 2633 2792 2699 homines
2837 2632 3023 2701 facile

389 2737 705 2804 labuntur
736 2739 819 2804 ad
850 2740 1024 2818 vitia,
1056 2748 1359 2824 putantes
1392 2742 1589 2807 etiam
1620 2739 1969 2818 diabolum,
2002 2739 2113 2823 qui
2133 2747 2360 2805 auctor
2379 2745 2480 2806 est
2510 2746 2577 2806 et
2605 2748 3024 2823 peccatorum

404 2845 690 2910 omnium
721 2846 882 2925 fons,
916 2855 1065 2913 acta
1095 2847 1495 2930 poenitentia
1524 2866 1718 2930 posse
1767 2846 2006 2913 salvari
2020 2849 2125 2935 ¹).‘
2193 2847 2274 2911 Et
2302 2865 2462 2914 sane
2492 2848 2547 2912 si
2577 2847 2738 2913 fides
2769 2849 2835 2912 in
2865 2866 3024 2932 poe-

398 2971 638 3019 narum
690 2954 1144 3021 aeternitatem
1191 2955 1487 3021 homines
1536 2956 1642 3018 vix
1693 2956 1978 3021 deterret
2020 2973 2063 3019 a
2106 2954 2459 3036 peccando,
2502 2954 2654 3037 quid
2687 2954 2870 3020 fieret
2898 2955 3025 3019 hac

397 3060 680 3127 veritate
710 3060 1013 3127 sublata?

584 3167 647 3235 3.
680 3164 857 3232 Sana
884 3169 1052 3233 ratio
1083 3169 1322 3251 probat
1351 3175 1419 3233 et
1448 3168 1657 3250 exigit,
1690 3175 1760 3232 ut
1791 3167 1960 3233 sicut
1989 3169 2061 3245 is,
2093 3168 2203 3251 qui
2232 3169 2301 3232 in
2330 3167 2559 3233 ordine
2588 3168 2856 3251 physico
2887 3185 3026 3234 me-

392 3272 516 3336 dia
543 3291 678 3337 non
706 3273 989 3351 adhibet,
1018 3274 1212 3342 finem
1242 3293 1375 3339 non
1407 3281 1830 3358 assequatur:
1859 3275 1954 3340 ita
1984 3281 2050 3340 et
2080 3273 2190 3358 qui
2220 3274 2287 3339 in
2306 3274 2530 3339 ordine
2548 3275 2777 3339 morali
2796 3281 3027 3359 sponte

391 3397 528 3444 sua
555 3381 806 3463 spernit
833 3381 1023 3450 viam.
1056 3400 1226 3465 quae
1260 3382 1344 3447 ad
1374 3381 1568 3448 finem
1598 3381 1900 3448 felicitate
1930 3388 2246 3466 perpetua
2275 3381 2810 3463 comprehensum
2833 3381 3026 3458 ducit,

394 3485 583 3551 illum
613 3505 745 3552 non
778 3488 1055 3569 attingat
1086 3487 1186 3578 (cf.
1218 3509 1281 3553 n.
1314 3493 1445 3559 649
1453 3491 1525 3577 ⁴).
1556 3489 1753 3572 Atqui
1784 3506 1933 3554 cum
1964 3487 2282 3570 ejusmodi
2297 3487 2703 3569 providentia
2721 3488 3030 3553 cohaeret

390 3613 521 3677 ,pro
570 3594 744 3662 male
793 3596 878 3662 ad
910 3605 1187 3664 mortem
1228 3616 1434 3680 usque
1480 3596 1821 3679 agentibus
1867 3596 2010 3662 finis
2058 3596 2506 3678 felicitatisque
2553 3594 2836 3670 amissio,
2878 3594 3030 3658 hinc

388 3720 662 3767 summa
689 3705 1116 3787 perennisque
1145 3704 1423 3780 miseria..
1455 3709 1524 3770 et
1541 3704 1694 3787 quia
1710 3703 2065 3786 culpabilis,
2085 3702 2371 3768 conditio
2388 3701 2679 3784 poenalis
2697 3706 3027 3783 perpetua.

582 3809 651 3877 4.
686 3808 872 3888 Quod
904 3811 962 3874 si
989 3829 1240 3893 poenae
1284 3817 1616 3894 nequeunt
1660 3829 1812 3876 esse
1859 3817 2182 3886 aeternae,
2228 3807 2592 3874 incarnatio
2638 3826 2772 3872 non
2803 3806 3032 3874 fuisset

392 3915 795 3981 necessaria.
857 3916 956 3981 Ad
987 3918 1139 4002 quid
1171 3917 1343 3984 enim
1374 3923 1474 3982 tot
1504 3916 1738 3984 Christi
1769 3915 2026 3982 dolores
2058 3923 2125 3983 et
2153 3917 2509 3999 passiones,
2539 3915 2596 3979 si
2626 3915 2726 3980 his
2757 3933 2889 3979 non
2909 3914 3028 3980 ob-

628 4071 665 4140 1)
692 4066 936 4139 Egregie
976 4085 1019 4122 s.
1048 4067 1588 4124 Bonaventura
1627 4067 1700 4122 de
1739 4066 1940 4122 eodem
1973 4082 2161 4121 errore
2200 4065 2262 4123 in
2288 4075 2337 4122 4.
2364 4065 2496 4120 dist.
2521 4072 2594 4122 44
2631 4084 2688 4138 p.
2716 4074 2748 4122 2
2773 4083 2825 4121 a.
2858 4075 2884 4123 1
2915 4082 2969 4133 q.
3001 4074 3027 4122 1

396 4149 632 4202 censet:
662 4146 807 4213 „Qui
831 4148 998 4202 tanto
1023 4150 1111 4202 est
1132 4147 1459 4213 immanior,
1485 4150 1705 4218 quanto
1743 4145 1979 4201 videtur
1995 4161 2114 4201 ecoe
2139 4145 2339 4201 mitior
2379 4147 2440 4199 et
2463 4144 2901 4208 misericordior,
2925 4160 3030 4216 pro

407 4240 476 4281 eo
503 4225 661 4294 qnod
685 4225 947 4280 divinam
973 4226 1257 4294 justitiam
1284 4227 1662 4299 blasphemat,
1701 4226 1842 4281 dum
1881 4242 2006 4280 eam
2048 4225 2344 4289 diminuit,
2381 4224 2521 4280 dum
2549 4228 2777 4279 tantum
2802 4225 2906 4279 dat
2928 4225 3031 4279 mi·

397 4304 769 4372 zericordiae,
793 4306 951 4375 quod
976 4322 1092 4360 non
1115 4306 1400 4376 relinquit
1422 4307 1614 4362 locum
1642 4305 1920 4374 justitiae.
1964 4305 2223 4361 Secundo
2270 4321 2403 4360 vero
2427 4304 2567 4374 quia
2592 4321 2752 4375 opem
2776 4307 3030 4361 nostram

396 4389 667 4441 evacuat.
717 4386 778 4442 Si
804 4385 959 4440 enim
987 4384 1284 4458 Scriptura
1322 4385 1677 4458 supplicium
1717 4386 2116 4458 peccatoribus
2156 4385 2540 4441 comminatur
2572 4401 2689 4439 non
2715 4384 3029 4440 secundum

405 4464 728 4531 veritatem,
752 4464 853 4519 sed
880 4469 948 4519 ut
971 4464 1286 4522 deterreat:
1311 4466 1453 4536 quid
1480 4481 1685 4520 causae
1713 4469 1818 4531 est,
1844 4482 1947 4520 cur
1986 4465 2161 4520 etiam
2188 4483 2306 4520 non
2331 4462 2749 4536 intelligamus,
2774 4463 3031 4536 praemia

410 4557 528 4599 non
554 4543 884 4616 promittere
911 4544 1224 4599 secundum
1251 4545 1573 4610 veritatem,
1618 4544 1715 4600 sed
1743 4547 1813 4600 ut
1836 4545 1909 4599 ad
1937 4562 2083 4616 opus
2109 4544 2370 4616 justitiae
2394 4542 2654 4601 alliciat?
2689 4547 2773 4599 Ac
2798 4561 2900 4615 per
2922 4543 3030 4598 hoc

404 4622 707 4694 <Scriptura
732 4625 855 4677 tota
881 4626 939 4679 ct
963 4623 1104 4679 fides
1130 4627 1326 4678 nostra
1344 4641 1491 4678 vana
1508 4626 1568 4680 et
1582 4641 1763 4679 vacua
1780 4627 1839 4680 et
1851 4623 2062 4681 frivola
2083 4625 2297 4697 poterit
2302 4622 2605 4696 judicat-L*
2637 4623 2721 4680 cf.
2741 4623 3031 4679 Thomas

408 4718 596 4774 comp.
619 4703 796 4763 theol.
822 4719 870 4757 c.
901 4710 1032 4765 183;
1059 4720 1106 4757 c.
1132 4707 1331 4774 gentes
1352 4704 1449 4768 111,
1481 4711 1598 4760 144.
1651 4703 2060 4773 Hettinger
2098 4703 2381 4775 Apologie
2425 4702 2524 4757 des
2551 4701 2900 4761 Christenth.
2927 4705 2971 4758 t.
2998 4710 3033 4761 2

397 4799 470 4853 ῃ.
495 4788 530 4838 2
555 4782 701 4854 disp.
733 4790 829 4844 153
855 4781 901 4835 B
918 4783 1106 4839 alme
1123 4800 1166 4847 a,
1192 4782 1382 4840 Briefe
1407 4800 1483 4838 an
1509 4782 1678 4837 einen
1705 4782 1959 4838 Zweifler
1983 4800 2073 4855 ep.
2099 4790 2151 4841 3.
