3538 5364
1064 308 1144 363 De
1172 313 1452 363 extremae
1479 307 1769 363 nur-tionis
1797 309 2164 363 sacramento.
2788 312 2918 378 515

305 503 454 556 tem
499 516 634 577 vere
680 496 1023 555 remittendi
1054 495 1331 555 fidelibus
1363 499 1600 572 peccata
1629 498 1767 570 post
1797 494 2165 569 baptismum
2196 494 2507 554 commissa
2538 494 2622 556 th.
2660 503 2803 566 239,
2849 498 2920 555 ut

309 602 371 649 a.
405 586 704 662 aperiatur
733 585 967 644 infinita
1000 585 1105 643 Dei
1136 604 1277 661 erga
1307 583 1632 643 humanum
1662 602 1855 662 genus
1887 586 2121 660 lapsum
2152 584 2386 643 bonitas
2424 588 2485 643 et
2517 584 2921 643 misericordia

306 677 405 746 (cf.
456 676 634 735 verba
682 694 726 734 s.
773 674 982 733 Leonis
1028 693 1085 732 n.
1120 669 1347 755 4772);
1397 674 1843 733 commendetur
1894 670 1960 738 b.
2008 673 2304 732 Ecclesiae
2355 674 2690 743 auctoritaS,
2741 693 2918 749 quam

307 765 580 824 Christus
611 770 734 822 tam
766 763 990 840 insigni
1024 763 1188 821 auxit
1231 764 1660 840 praerogativa,
1708 780 1845 821 cum
1892 761 2077 821 solius
2128 762 2234 821 Dei
2279 763 2513 838 proprie
2559 763 2641 821 sit
2684 767 2921 838 peccata

306 855 612 912 remittere
643 873 700 914 n.
736 854 916 916 439².
952 851 1134 915 443³.
1169 846 1358 921 519‘13
1405 851 1759 911 ostendatur
1792 866 1858 915 o.
1892 851 2242 910 sacramenti
2274 852 2676 927 poenitentiae
2707 857 2919 912 conve-

306 942 536 1003 nientia
565 943 649 1004 th.
676 951 820 1004 ⁶252.
866 940 1140 1000 Proderit
1170 938 1235 1006 2.
1268 941 1549 1000 extollere
1580 940 2113 1000 confessionis
2146 940 2656 1000 convenientiam:
2687 945 2750 999 et
2780 960 2920 1000 sane

307 1034 356 1090 si
389 1032 626 1107 aliquod
662 1031 1012 1089 institutum
1037 1028 1436 1106 undequaque
1468 1048 1531 1088 se
1563 1029 1950 1098 commendat,
1983 1033 2072 1087 est
2102 1029 2489 1089 confessionis
2520 1033 2919 1106 praeceptum,

307 1125 378 1179 ut
407 1120 670 1180 breviter
701 1119 1072 1179 ostendimus
1104 1137 1161 1177 n.
1198 1128 1342 1182 487.
1380 1128 1522 1182 483.
1586 1119 1936 1178 Illustretur
1966 1114 2032 1180 3.
2067 1117 2750 1195 indulgentiarum
2782 1118 2919 1178 doc·

306 1210 484 1279 trina,
531 1215 603 1268 ut
648 1209 893 1285 liqueat,
939 1227 1118 1283 quam
1149 1208 1580 1267 inconsiderate
1613 1210 1674 1266 et
1718 1212 1941 1266 temere
1973 1211 2371 1283 protestantes
2402 1207 2566 1267 illam
2597 1208 2922 1284 abjecerint

305 1304 690 1374 carpantque,
739 1316 872 1356 cum
919 1316 1045 1355 eam
1094 1298 1238 1356 satis
1270 1316 1464 1373 neque
1498 1297 1843 1373 intelligant
1873 1314 2066 1372 neque
2098 1300 2506 1371 assequantur.
2572 1297 2652 1356 Cf.
2684 1316 2741 1358 n.
2777 1307 2921 1361 535.

1375 1489 1686 1571 Sectio
1746 1492 1850 1572 V.

920 1640 1020 1695 De
1069 1644 1497 1695 sacramento
1549 1644 1904 1694 extremae
1951 1638 2318 1697 unctionis.

489 1761 636 1826 538.
672 1755 1012 1820 Doctrinae
1045 1756 1124 1820 de
1157 1757 1550 1838 poenitentia
1580 1755 1958 1838 subjicimus
1980 1774 2127 1819 cum
2159 1755 2427 1819 concilio
2462 1756 2921 1820 tridentino

304 1883 461 1928 sess.
500 1869 582 1931 14
613 1869 1090 1927 sacramentum
1125 1870 1450 1928 extremae
1482 1862 1821 1940 unctioniS,
1864 1863 2071 1945 „quod
2103 1881 2233 1927 non
2264 1862 2457 1926 modo
2490 1843 2923 1944 poenitentiae

307 1969 420 2032 sed
468 1976 533 2033 et
577 1969 773 2033 totius
824 1970 1210 2033 christianae
1262 1970 1447 2046 vitae,
1499 1988 1665 2051 quae
1715 1977 2027 2051 perpetua
2077 1970 2471 2051 poenitentia
2520 1988 2662 2035 esse
2713 1969 2922 2046 debet,

306 2078 889 2140 consummativum
942 2078 1376 2142 existimatum
1424 2085 1522 2141 est
1568 2095 1608 2140 a
1654 2076 1999 2159 patribus«
2070 2075 2270 2140 Porro
2303 2075 2565 2141 definire
2596 2076 2746 2141 illud
2779 2076 2925 2140 licet

322 2189 836 2257 ,sacramentum
866 2182 939 2246 N.
973 2183 1036 2246 L.
1071 2203 1111 2247 a
1143 2183 1395 2248 Christo
1429 2184 1496 2247 D.
1547 2183 1908 2247 institutum
1925 2186 1989 2270 ¹),
2039 2202 2166 2266 quo
2216 2202 2330 2264 per
2379 2182 2748 2248 unctionem
2799 2182 2923 2249 olei

313 2290 629 2356 benedicti
661 2297 724 2355 et
758 2291 1118 2356 orationem
1150 2308 1263 2354 seu
1298 2289 1568 2355 formam
1599 2290 2063 2372 praescriptam
2114 2283 2523 2355 sacerdotum
2571 2290 2922 2356 ministerio

313 2396 652 2478 baptizatis
685 2397 961 2478 graviter
992 2396 1476 2478 aegrotantibus
1508 2397 1714 2478 gratia
1744 2396 2086 2474 confertur,
2119 2416 2248 2480 qua
2279 2404 2546 2479 peccata
2591 2404 2655 2461 et
2700 2416 2922 2462 eorum

312 2502 620 2584 reliquiae
671 2504 1141 2584 absterguntur,
1192 2504 1359 2570 vires
1412 2512 1725 2585 augentur
1775 2504 1855 2568 ad
1909 2504 2241 2569 daemonis
2292 2504 2554 2569 insidias
2605 2504 2923 2581 vitandaS,

315 2615 510 2692 atque
543 2608 626 2672 ad
658 2609 864 2672 morbi
899 2610 1307 2674 incommoda
1338 2611 1655 2694 patienter
1688 2610 1969 2689 ferenda,
2012 2617 2093 2689 et,
2134 2611 2189 2674 si
2221 2611 2475 2676 animae
2507 2610 2697 2676 saluti
2728 2630 2922 2693 expe·

315 2717 519 2792 dierit,
563 2717 865 2781 valetudo
912 2718 1198 2799 corporis
1242 2719 1648 2784 restituitur.«
1719 2718 1957 2782 Dicitur
2003 2725 2220 2783 autem
2270 2719 2485 2783 unctio
2531 2718 2923 2783 infirmorum

315 2841 356 2886 a
387 2824 678 2905 subJecto
712 2825 1095 2904 inungendO,
1144 2833 1621 2890 sacramentum
1669 2826 2056 2902 exeuntium,
2103 2827 2320 2890 unctio
2372 2832 2675 2900 extrema,
2716 2823 2925 2907 ‚quod

316 2930 481 2995 haec
513 2932 799 2995 omnium
830 2948 1163 2995 sacrarum
1194 2930 1589 3008 unctionum,
1621 2949 1784 3014 quas
1816 2931 2123 2996 Dominus
2154 2930 2453 2996 Salvator
2471 2939 2691 2997 noster
2709 2930 2926 2995 Eccle-

314 3039 452 3102 siae
497 3056 653 3101 suae
704 3037 1196 3113 commendavit,
1246 3036 1470 3101 ultima
1515 3037 2025 3103 administranda
2071 3039 2209 3114 sit«
2266 3045 2338 3105 ut
2368 3039 2573 3122 inquit
2602 3038 2737 3102 Cat.
2770 3056 2926 3102 rom.

317 3167 376 3228 p.
411 3144 459 3209 lI
492 3166 542 3207 c.
577 3151 616 3214 6
652 3165 710 3209 n.
745 3150 802 3213 3.
855 3142 1120 3208 Solliciti
1153 3151 1401 3208 tantum
1435 3145 1690 3221 erimuS,
1724 3152 1797 3209 ut
1826 3145 2137 3211 adversus
2168 3151 2599 3228 protestantes
2632 3153 2930 3211 tueamur

317 3253 556 3333 dogma
587 3251 991 3326 catholicum,
1025 3270 1171 3316 eam
1204 3270 1347 3317 esse
1378 3261 1878 3327 sacramentum,
1910 3252 1992 3318 de
2023 3272 2150 3336 quo
2171 3270 2349 3317 conc.
2369 3251 2582 3335 plures
2601 3252 2933 3318 constituit

320 3379 627 3437 canoneS,
660 3378 935 3442 quorum
977 3368 1027 3427 1.
1060 3360 1150 3422 ita
1184 3359 1409 3422 habet:
1451 3356 1554 3431 ‚Si
1587 3360 1727 3441 quis
1759 3360 2005 3435 dixerit,
2040 3368 2395 3426 extremam
2415 3362 2781 3426 unctionem
2800 3380 2932 3425 non

321 3486 466 3532 esse
497 3484 648 3532 vere
681 3474 745 3531 et
778 3466 1031 3548 proprie
1064 3474 1543 3530 sacramentum
1564 3484 1604 3528 a
1625 3465 1880 3531 Christo
1903 3467 1970 3530 D.
1989 3465 2059 3530 N.
2081 3467 2442 3532 institutum
2465 3475 2530 3532 et
2547 3485 2588 3531 a
2608 3467 2667 3531 b.
2687 3467 2931 3532 Jacobo

322 3594 422 3655 ap.
457 3572 946 3657 promulgatum,
979 3574 1090 3638 sed
1126 3574 1318 3637 ritum
1352 3580 1604 3638 tanturn
1652 3582 1990 3657 acceptum
2024 3593 2063 3639 a
2094 3575 2385 3657 patribus
2419 3581 2532 3638 aut
2564 3575 2933 3655 figmentum

321 3683 693 3756 humanum,
727 3680 798 3743 A.
833 3677 930 3743 S«

504 3812 652 3876 539.
685 3805 939 3873 The-Sis
971 3804 1267 3872 CCLIV·
1333 3825 1673 3880 &trema
1709 3830 1947 3882 unctio
1992 3833 2090 3881 est
2124 3842 2282 3882 vere
2304 3832 2367 3882 et
2382 3828 2675 3894 proprie
2696 3828 2778 3879 N.
2808 3828 2934 3880 Le-

325 3921 434 3984 nta
473 3921 1017 3971 sacramentum.

507 4021 1078 4088 Demonstratio.
1144 4019 1207 4085 l.
1241 4018 1481 4082 Invicte
1511 4018 1825 4100 probatur
1856 4020 2052 4085 thesis
2084 4039 2125 4101 p
2141 4041 2173 4084 r
2189 4038 2228 4083 a
2244 4039 2279 4084 e
2293 4040 2324 4083 s
2340 4038 2376 4084 c
2391 4042 2423 4084 r
2439 4020 2458 4083 i
2474 4026 2551 4101 pt
2567 4020 2587 4082 i
2602 4038 2641 4084 o
2657 4039 2700 4083 n
2717 4019 2781 4081 is
2833 4035 2937 4081 ar-

331 4135 652 4208 gumente,
673 4126 847 4209 quod
867 4126 1030 4190 alias
1042 4126 1178 4207 jam
1199 4125 1336 4190 fuse
1356 4126 1740 4203 evolvimus;
1774 4145 1855 4192 ex
1875 4145 2198 4191 consensu
2217 4125 2348 4191 scil.
2367 4129 2703 4193 universae
2723 4126 2939 4189 Eccle-

333 4256 444 4264 ---m
465 4257 756 4262 ‘n-——ffi—

552 4307 588 4374 ¹)
619 4302 927 4366 „instituta
966 4306 1053 4356 est
1090 4304 1300 4365 autem,
1341 4301 1536 4370 inquit
1573 4302 1881 4356 concilium
1908 4303 1947 4357 l.
1974 4319 2020 4356 c.
2047 4319 2094 4356 c.
2124 4310 2170 4367 1,
2199 4303 2336 4357 baec
2363 4303 2559 4357 unctio
2586 4303 2941 4357 infirmorum

335 4384 628 4450 tamquam
655 4398 784 4435 vere
824 4387 883 4435 et
921 4380 1148 4452 proprie
1188 4385 1607 4437 sacramentum
1634 4382 1702 4437 N.
1732 4383 1795 4436 T.
1822 4400 1856 4436 a
1877 4381 2101 4437 Christo
2129 4381 2195 4438 D.
2222 4382 2310 4449 N.,
2354 4383 2510 4455 apud
2537 4383 2792 4438 Marcum
2819 4382 2942 4453 qui-

334 4461 464 4515 dem
488 4461 846 4515 insinuatum
876 4466 948 4531 (6,
981 4468 1075 4518 13:
1109 4463 1380 4529 Unqebant
1402 4467 1509 4517 oleo
1535 4467 1725 4518 multos
1749 4467 2029 4535 aegrotos),
2074 4480 2175 4533 per
2199 4466 2478 4520 ,Iacobum
2504 4468 2697 4520 autem
2721 4469 2941 4536 aposto-

335 4540 453 4594 lum
478 4556 546 4593 ac
571 4538 803 4592 Domini
827 4540 1062 4594 fratrem
1089 4537 1354 4594 fidelibus
1380 4542 1841 4597 commendatum
1856 4558 1923 4595 ac
1939 4543 2370 4615 promulgatum
2387 4548 2459 4614 (ὃ,
2478 4547 2615 4617 14).“
2644 4544 2727 4600 Cf.
2743 4544 2944 4599 Wise·

333 4636 486 4675 man
511 4620 793 4690 sagaciter
818 4620 887 4674 de
912 4620 1004 4675 his
1029 4621 1253 4677 duobus
1279 4620 1625 4676 testimoniis
1650 4621 2020 4677 disserentem
2047 4623 2334 4680 Abhandl.
2380 4624 2520 4680 fiber
2545 4625 2945 4683 verschiedene

337 4699 621 4771 Gegenst„
648 4700 1022 4773 Regensburg
1051 4710 1189 4765 1854
1213 4705 1255 4768 1,
1288 4708 1389 4761 190
1414 4720 1458 4759 s.
1508 4705 1557 4756 A
1583 4703 1802 4774 graecis
1843 4706 2081 4759 vocatur
2119 4705 2227 4758 hoc
2272 4708 2687 4762 sacramentum
2728 4712 2786 4763 τὸ
2811 4711 2947 4781 ἅγιον

334 4781 498 4836 ἔλαιον
526 4781 617 4834 vel
640 4781 897 4855 ὠχὲλαιον
922 4784 1017 4853 (ab
1040 4784 1172 4859 ιὸχή
1196 4786 1256 4838 et
1279 4784 1463 4855 fetam)
1490 4782 1806 4838 secundum
1834 4785 2004 4838 verba
2031 4784 2247 4841 Jacobi.

2555 4883 2649 4935 33·
