3538 5364
546 341 675 407 358
1079 335 1261 389 Tract.
1290 337 1380 389 lx.
1408 336 1477 389 de
1504 337 1866 391 eucharistia.
1895 336 2094 391 Thesis
2121 336 2408 392 CCXXtX.
2435 337 2627 391 Realis

544 540 590 580 s,
628 532 696 589 73
747 522 1027 580 Suarez
1076 521 1227 596 disp.
1264 531 1365 591 53,
1418 522 1833 598 Dalgairns
1880 523 1986 581 Die
2026 522 2106 580 hl.
2140 523 2542 594 Communion‚
2588 524 2717 583 ihre
2763 524 3162 600 Philosophie‚

544 611 860 688 Theologie
892 611 1017 669 und
1051 611 1251 669 Praxis
1285 629 1330 671 c.
1368 623 1435 680 43
1483 610 1903 680 Scheehen,
1953 614 2058 686 qui
2104 612 2176 669 de
2222 616 2519 671 momento
2565 613 2745 689 hujus
2793 615 3163 688 praesentiae

546 700 840 774 praeclare
871 699 1112 758 disserit
1142 700 1468 775 Mysterien
1502 697 1534 766 ἓ
1573 710 1671 763 73.

720 825 867 888 377.
901 821 1153 889 TheSiS
1192 817 1577 888 CCXXIX·
1613 843 2033 896 Praesentia
2060 844 2378 909 corporis
2399 847 2464 897 et
2486 845 2862 909 canoatnts
2887 844 3147 898 Christi

535 932 617 983 in
653 930 1088 983 eucharistia
1123 942 1268 983 ποη
1304 935 1401 983 est
1439 931 1744 997 alliaata
1780 934 2060 985 tantam
2084 932 2271 996 usal,
2296 934 2415 986 sed
2442 933 2954 986 consecratione
2980 945 3159 997 per-

540 1025 700 1074 acta
734 1021 1012 1075 tamdiu
1048 1020 1286 1084 durat,
1321 1022 1666 1087 quamdiu
1700 1023 1956 1086 spectes
1994 1025 2433 1075 consecratae
2470 1025 2792 1075 manent.

718 1141 1290 1209 Demonstratio.
1351 1139 1574 1205 Thesis
1608 1148 1706 1205 est
1737 1119 1817 1205 de
1849 1140 1878 1204 f
1886 1142 1961 1205 id
1981 1160 2034 1217 e,
2069 1149 2138 1205 ut
2170 1147 2350 1222 patet
2380 1160 2460 1206 ex
2490 1141 2742 1205 concilii
2774 1141 2956 1205 trid.
2991 1160 3150 1207 sess.

547 1253 625 1317 13
658 1265 795 1311 can.
828 1253 902 1316 4:
955 1245 1059 1322 ,Si
1090 1248 1235 1330 quis
1268 1247 1511 1323 dixerit,
1544 1253 1810 1328 peracta
1840 1248 2334 1313 consecratione
2365 1248 2432 1311 in
2465 1248 2824 1312 admirabili
2857 1249 3156 1313 euchari·

536 1354 701 1419 stiae
732 1361 1137 1419 sacramento
1169 1372 1302 1418 non
1333 1373 1474 1420 esse
1506 1371 1739 1436 corpus
1772 1360 1838 1419 et
1869 1355 2245 1435 sanguinem
2279 1354 2347 1418 D.
2381 1353 2452 1419 N.
2485 1355 2536 1420 J.
2571 1353 2822 1431 Christi,
2857 1355 2969 1420 sed
3003 1363 3149 1419 tan-

538 1469 677 1526 tum
705 1463 770 1526 in
802 1481 940 1538 usu,
972 1462 1125 1525 dum
1155 1461 1443 1536 sumitur,
1474 1480 1606 1525 non
1638 1468 1857 1526 autem
1890 1468 2040 1526 ante
2060 1462 2161 1526 vel
2180 1468 2360 1543 post:
2394 1468 2458 1526 et
2489 1462 2553 1524 in
2586 1462 2811 1525 hostiis
2855 1481 2969 1527 seu
3004 1480 3154 1543 par-

537 1570 746 1633 ticulis
775 1567 1186 1644 consecratis,
1232 1586 1399 1649 quae
1440 1574 1588 1649 post
1632 1568 2154 1633 communionem
2198 1574 2607 1634 reservantur
2656 1569 2760 1634 vel
2793 1576 3156 1650 supersunt,

536 1696 669 1741 non
698 1694 1034 1742 remanere
1065 1692 1296 1756 corpus
1317 1674 1585 1752 Domini,
1609 1676 1679 1738 A.
1702 1673 1802 1739 S.‹
1842 1675 1934 1739 Ea
1967 1676 2267 1740 statuitur
2299 1675 2608 1739 adversus
2636 1676 2814 1739 luth
2833 1694 3031 1749 eran
3048 1694 3087 1739 o
3107 1697 3158 1750 s,

548 1782 656 1866 qui
686 1782 923 1846 idcirco
959 1782 1236 1847 maxime
1255 1783 1689 1863 praesentiam
1719 1780 1953 1846 Christi
1984 1782 2051 1845 in
2086 1782 2477 1846 eucharistia
2496 1789 2678 1846 extra
2697 1800 2884 1846 usum
2905 1789 3162 1862 negant,

537 1897 612 1954 ut
639 1907 718 1954 eo
750 1888 993 1952 facilius
1025 1906 1284 1954 omnem
1315 1908 1396 1952 55.
1430 1890 1817 1954 sacramenti
1850 1890 2113 1971 rejicere
2146 1890 2394 1970 possint
2425 1890 2665 1955 cultum
2698 1889 2951 1971 aliaque
2984 1907 3140 1953 con-

534 1996 815 2063 sectaria
843 1995 1177 2059 catholica.
1210 1993 1541 2076 Dogmatis
1573 1995 1873 2059 catholici
1904 1996 2141 2061 veritas

719 2121 780 2189 1.
814 2120 1123 2202 probatur
1154 2138 1234 2184 ex
1266 2120 1547 2184 verbis
1579 2120 2017 2195 institutionis,
2052 2119 2282 2203 quibus
2314 2121 2439 2184 hoc
2469 2128 2954 2185 sacramentum
2988 2140 3145 2184 con-

542 2228 749 2292 ficitur
781 2228 964 2314 (thes.
1000 2228 1173 2313 227).
1236 2228 1480 2293 Horum
1511 2229 1681 2293 enim
1711 2229 1953 2293 veritas
1986 2234 2050 2292 et
2080 2228 2174 2291 vis
2207 2228 2641 2309 independens
2673 2235 2770 2292 est
2802 2230 2886 2291 ab
2920 2229 3161 2293 eucha-

536 2335 752 2401 ristiae
786 2336 1167 2416 sumptione,
1201 2354 1397 2417 quam
1427 2335 1795 2400 nullatenus
1829 2335 2201 2415 significant.
2235 2332 2303 2398 Si
2335 2353 2485 2415 ergo
2518 2342 2668 2399 sunt
2698 2337 2982 2417 practica
3015 2335 3158 2400 effi-

534 2442 837 2524 ciuntque
870 2442 1041 2524 quod
1073 2439 1446 2522 significant,
1468 2441 1750 2507 efficiunt
1762 2440 2003 2507 realem
2026 2442 2313 2523 corporis
2331 2440 2563 2506 Christi
2578 2443 3017 2524 praesentiam
3051 2441 3151 2506 in-

541 2548 977 2629 dependenter
1009 2549 1090 2611 ab
1124 2568 1261 2612 usu.
1324 2548 1483 2612 Hinc
1513 2548 1866 2613 secundum
1902 2548 2135 2612 Christi
2166 2548 2395 2613 verba:
2446 2548 2653 2612 Bibite
2683 2572 2757 2612 ea:
2789 2552 2897 2613 hoc
2928 2570 3162 2634 omneS,

535 2654 633 2719 hic
662 2663 747 2718 est
767 2657 929 2720 enim
949 2656 1207 2736 sanquis
1225 2675 1394 2719 meus
1417 2655 1491 2723 N.
1524 2656 1589 2724 T.
1613 2654 1896 2742 (Mattth.
1913 2657 2018 2732 26,
2040 2656 2170 2742 28),
2196 2656 2563 2738 praesentia
2581 2657 2908 2738 sanguinis
2924 2655 3157 2722 Christi

536 2781 667 2826 non
698 2763 935 2844 pendet
967 2762 1048 2826 ab
1081 2782 1220 2838 usu,
1253 2762 1365 2825 sed
1399 2782 1553 2826 usus
1586 2764 2010 2844 consequitur
2041 2764 2489 2844 praesentiam.
2529 2802 2604 2811 —
2642 2763 2922 2846 Insuper,
2956 2772 3027 2829 ut
3046 2783 3153 2828 os-

541 2870 879 2946 tendimuS,
912 2870 1100 2933 realis
1132 2870 1500 2950 praesentia
1532 2868 1802 2933 efficitur
1831 2870 2042 2935 verbis
2075 2868 2337 2935 Christi:
2369 2888 2568 2953 quare
2601 2871 2801 2952 ipsius
2823 2889 3056 2952 corpus
3077 2890 3160 2936 eo

533 2974 764 3040 saltem
796 2984 1083 3057 tempore
1115 2975 1337 3050 aderit,
1388 2975 1558 3057 quod
1603 2976 1941 3041 intercedit
1971 2978 2523 3043 consecrationem
2570 2984 2635 3043 et
2679 2979 3150 3060 sumptionem:

536 3089 606 3147 ut
638 3083 833 3147 etiam
863 3083 1245 3168 supponitur
1274 3084 1341 3146 in
1371 3083 1669 3147 omnibus
1701 3084 1981 3165 liturgiis,
2015 3083 2114 3147 Nil
2146 3103 2299 3150 vero
2319 3085 2601 3166 impedit,
2623 3086 2965 3167 quominus
2986 3105 3145 3149 usus

535 3190 644 3253 diu
675 3189 867 3253 distet
898 3207 939 3252 a
969 3191 1468 3255 consecratione.
1500 3228 1587 3239 —-
1622 3190 1719 3255 Ad
1767 3191 1932 3255 haec
1981 3209 2060 3255 ex
2110 3191 2217 3255 illa
2266 3192 2568 3272 opinione
2600 3198 2979 3273 sequeretur
3009 3211 3142 3255 non

535 3304 669 3359 tam
700 3296 1069 3360 sacerdotes
1101 3314 1296 3378 quam
1328 3297 1542 3378 potius
1573 3296 1795 3362 fideles
1824 3298 1966 3379 ipsa
1997 3297 2361 3379 sumptione
2406 3297 2725 3363 conficere
2773 3298 2897 3362 hoc
2929 3317 3152 3362 sacra-

535 3408 839 3478 mentum,
872 3402 1045 3484 quod
1075 3403 1450 3467 inauditum.

716 3511 783 3578 2.
818 3507 1141 3573 Probatur
1173 3530 1252 3575 ex
1283 3511 1760 3588 traditione,
1808 3517 1872 3576 et
1904 3511 2160 3593 quidem
2206 3531 2268 3579 a.
2300 3513 2706 3591 negative,
2759 3532 2906 3576 cum
2937 3520 3156 3594 patres

531 3616 614 3680 de
647 3616 1034 3680 eucharistia
1077 3617 1464 3683 disserentes
1511 3635 1657 3683 eam
1701 3618 2074 3699 simpliciter
2118 3619 2334 3683 dicant
2379 3636 2611 3700 corpus
2658 3628 2722 3684 et
2775 3620 3156 3700 sanguinem

536 3721 769 3786 Christi
799 3723 1301 3805 independenter
1331 3722 1417 3787 ab
1437 3743 1555 3787 usu
1577 3724 1675 3788 vel
1696 3725 2082 3805 sumptione,
2104 3725 2251 3788 hinc
2272 3725 2554 3805 figmenti
2571 3726 2890 3791 lutherani
2910 3727 3154 3791 nullum

532 3831 850 3911 reperitur
879 3848 1079 3911 penes
1099 3831 1274 3911 ipsos
1293 3831 1659 3911 vestigium3
1694 3833 1760 3900 b.
1795 3850 1874 3895 ex
1904 3831 2244 3896 disertis
2278 3832 2515 3897 effatis:
2555 3832 2798 3907 ,Porro
2824 3835 2983 3899 alios
3004 3853 3149 3900 esse

534 3936 730 4001 etiam
762 3937 971 4012 audio,
1005 3936 1222 4001 scribit
1256 3937 1305 4001 C
1326 3936 1616 4018 yrillus
1648 3937 1809 4001 alex.
1843 3956 1938 4019 ep.
1970 3935 2076 4016 83,
2110 3939 2216 4020 qui
2250 3939 2585 4020 mysticam
2618 3940 3133 4006 benedictionem

534 4041 688 4107 nihil
718 4043 804 4107 ad
834 4042 1407 4108 sanctificationem
1432 4044 1661 4125 juvare
1692 4042 1931 4120 dicunt,
1964 4045 2017 4107 si
2048 4044 2200 4127 quid
2233 4063 2313 4108 ex
2345 4062 2424 4108 ea
2455 4044 2566 4108 fiat
2596 4047 2822 4129 reliqui
2859 4047 2922 4111 in
2956 4048 3152 4112 aliam

533 4149 720 4215 diem.
753 4150 1081 4214 Insaniunt
1112 4167 1265 4213 vero
1299 4150 1406 4231 qui
1437 4151 1598 4214 haec
1635 4157 1964 4216 asserunt:
2012 4169 2223 4232 neque
2274 4151 2444 4215 enim
2494 4152 2810 4217 alteratur
2842 4152 3150 4231 ChristuS,

534 4275 742 4338 neque
772 4263 1067 4320 sanctum
1100 4257 1238 4339 ejus
1269 4274 1502 4338 corpus
1532 4257 1922 4334 immutatur,
1944 4258 2057 4323 sed
2079 4257 2542 4322 benedictionis
2561 4261 2659 4322 vis
2682 4278 2760 4323 ac
2779 4259 3055 4325 facultas
3088 4269 3155 4326 et

535 4362 861 4425 vivificans
892 4364 1098 4442 gratia
1127 4371 1438 4445 perpetuo
1470 4364 1536 4427 in
1568 4383 1647 4429 ea
1680 4366 1741 4452 (i.
1777 4385 1828 4430 e.
1863 4365 2166 4448 quamdiu
2200 4365 2588 4429 eucharistia
2622 4386 2736 4431 seu
2762 4369 3010 4449 species
3032 4388 3146 4434 eu-

539 4468 919 4535 charisticae
951 4477 1217 4535 manent
1248 4491 1306 4534 n.
1340 4473 1495 4559 368)
1531 4472 1831 4537 exsistit«

713 4579 775 4648 3.
807 4576 1126 4643 Probatur
1158 4597 1237 4642 ea
1281 4580 1518 4660 praxi
1562 4580 1798 4645 veteris
1829 4579 2156 4644 Ecclesiae
2183 4601 2198 4642 ε
2243 4578 2541 4644 solebant
2586 4581 2755 4645 enim
2786 4580 3006 4645 fideles
3039 4600 3155 4645 eu-

538 4685 908 4748 charistiam
940 4703 1159 4750 secum
1192 4685 1456 4748 domum
1487 4685 1762 4761 deferre3
1796 4685 2146 4750 credebant
2177 4705 2329 4767 ergo
2362 4705 2595 4768 corpus
2627 4686 2868 4751 Christi
2898 4706 3155 4768 perma-

543 4797 769 4856 nenter
800 4809 941 4856 esse
974 4793 1039 4855 in
1072 4791 1478 4856 eucharistia.
1540 4792 1631 4856 Ita
1656 4792 1792 4872 J'am
1825 4791 2398 4857 Tertullianus
2430 4793 2686 4859 instruit
2717 4793 2954 4872 fideleS,
2991 4813 3155 4876 quo-
