<?xml version="1.0" encoding="UTF-8"?>
<!DOCTYPE html PUBLIC "-//W3C//DTD XHTML 1.0 Transitional//EN"
    "http://www.w3.org/TR/xhtml1/DTD/xhtml1-transitional.dtd">
<html xmlns="http://www.w3.org/1999/xhtml" xml:lang="en" lang="en">
 <head>
  <title>
</title>
<meta http-equiv="Content-Type" content="text/html;charset=utf-8" />
  <meta name='ocr-system' content='tesseract 3.04.00' />
  <meta name='ocr-capabilities' content='ocr_page ocr_carea ocr_par ocr_line ocrx_word'/>
</head>
<body>
  <div class='ocr_page' id='page_1' title='image "./theologiaedogma00hurtgoog_0328.png"; bbox 0 0 3538 5364; ppageno 0'>
   <div class='ocr_carea' id='block_1_1' title="bbox 533 268 2872 341">
    <p class='ocr_par' dir='ltr' id='par_1_1' title="bbox 533 268 2872 341">
     <span class='ocr_line' id='line_1_1' title="bbox 533 268 2872 341; baseline 0.002 -20"><span class='ocrx_word' id='word_1_1' title='bbox 533 276 666 341; x_wconf 78' lang='lat'><strong>315</strong></span> <span class='ocrx_word' id='word_1_2' title='bbox 810 268 993 323; x_wconf 83' lang='lat' dir='ltr'><strong>Tract.</strong></span> <span class='ocrx_word' id='word_1_3' title='bbox 1021 268 1116 322; x_wconf 77' lang='lat' dir='ltr'><strong>[X.</strong></span> <span class='ocrx_word' id='word_1_4' title='bbox 1143 269 1212 321; x_wconf 89' lang='lat' dir='ltr'><strong>de</strong></span> <span class='ocrx_word' id='word_1_5' title='bbox 1240 268 1605 323; x_wconf 76' lang='lat' dir='ltr'>eucharistia.</span> <span class='ocrx_word' id='word_1_6' title='bbox 1632 269 1832 323; x_wconf 87' lang='lat' dir='ltr'><strong>Thesis</strong></span> <span class='ocrx_word' id='word_1_7' title='bbox 1859 268 2151 323; x_wconf 85' lang='lat' dir='ltr'><strong>CCXXlll.</strong></span> <span class='ocrx_word' id='word_1_8' title='bbox 2178 269 2452 325; x_wconf 81' lang='lat' dir='ltr'><strong>Miraeula</strong></span> <span class='ocrx_word' id='word_1_9' title='bbox 2478 270 2872 325; x_wconf 84' lang='lat' dir='ltr'><strong>eucharistica.</strong></span> 
     </span>
    </p>
   </div>
   <div class='ocr_carea' id='block_1_2' title="bbox 529 455 3160 4459">
    <p class='ocr_par' dir='ltr' id='par_1_2' title="bbox 529 455 3160 2671">
     <span class='ocr_line' id='line_1_2' title="bbox 533 455 3159 534; baseline 0.001 -21"><span class='ocrx_word' id='word_1_10' title='bbox 533 458 735 514; x_wconf 88' lang='lat' dir='ltr'><strong>autem</strong></span> <span class='ocrx_word' id='word_1_11' title='bbox 768 455 944 513; x_wconf 89' lang='lat' dir='ltr'><strong>aliter</strong></span> <span class='ocrx_word' id='word_1_12' title='bbox 973 455 1100 513; x_wconf 89' lang='lat' dir='ltr'><strong>fieri</strong></span> <span class='ocrx_word' id='word_1_13' title='bbox 1132 474 1252 514; x_wconf 85' lang='lat' dir='ltr'><strong>non</strong></span> <span class='ocrx_word' id='word_1_14' title='bbox 1284 473 1474 530; x_wconf 91' lang='lat' dir='ltr'><strong>posse,</strong></span> <span class='ocrx_word' id='word_1_15' title='bbox 1521 458 1593 513; x_wconf 90' lang='lat' dir='ltr'><strong>ut</strong></span> <span class='ocrx_word' id='word_1_16' title='bbox 1625 459 1898 515; x_wconf 83' lang='lat' dir='ltr'><strong>nostrum</strong></span> <span class='ocrx_word' id='word_1_17' title='bbox 1934 474 2149 532; x_wconf 87' lang='lat' dir='ltr'><strong>corpus</strong></span> <span class='ocrx_word' id='word_1_18' title='bbox 2182 457 2264 515; x_wconf 88' lang='lat' dir='ltr'><strong>sit</strong></span> <span class='ocrx_word' id='word_1_19' title='bbox 2295 457 2357 515; x_wconf 89' lang='lat' dir='ltr'><strong>in</strong></span> <span class='ocrx_word' id='word_1_20' title='bbox 2388 458 2852 528; x_wconf 85' lang='lat' dir='ltr'><strong>immortalitate,</strong></span> <span class='ocrx_word' id='word_1_21' title='bbox 2899 459 3018 518; x_wconf 89' lang='lat' dir='ltr'><strong>nisi</strong></span> <span class='ocrx_word' id='word_1_22' title='bbox 3050 477 3159 534; x_wconf 90' lang='lat' dir='ltr'><strong>per</strong></span> 
     </span>
     <span class='ocr_line' id='line_1_3' title="bbox 530 544 3155 624; baseline 0.002 -22"><span class='ocrx_word' id='word_1_23' title='bbox 530 544 1009 603; x_wconf 83' lang='lat' dir='ltr'><strong>communionem</strong></span> <span class='ocrx_word' id='word_1_24' title='bbox 1029 562 1164 602; x_wconf 90' lang='lat' dir='ltr'><strong>cum</strong></span> <span class='ocrx_word' id='word_1_25' title='bbox 1183 544 1503 603; x_wconf 76' lang='lat' dir='ltr'><strong>immortali</strong></span> <span class='ocrx_word' id='word_1_26' title='bbox 1523 544 1746 604; x_wconf 88' lang='lat' dir='ltr'><strong>factum</strong></span> <span class='ocrx_word' id='word_1_27' title='bbox 1778 546 1859 603; x_wconf 88' lang='lat' dir='ltr'><strong>sit</strong></span> <span class='ocrx_word' id='word_1_28' title='bbox 1891 545 2185 622; x_wconf 80' lang='lat' dir='ltr'><strong>particeps</strong></span> <span class='ocrx_word' id='word_1_29' title='bbox 2218 546 2716 623; x_wconf 77' lang='lat' dir='ltr'><strong>incorruptionis:</strong></span> <span class='ocrx_word' id='word_1_30' title='bbox 2749 549 2989 624; x_wconf 87' lang='lat' dir='ltr'><strong>oportet</strong></span> <span class='ocrx_word' id='word_1_31' title='bbox 3017 565 3155 607; x_wconf 91' lang='lat' dir='ltr'><strong>con-</strong></span> 
     </span>
     <span class='ocr_line' id='line_1_4' title="bbox 533 633 3153 712; baseline 0.002 -21"><span class='ocrx_word' id='word_1_32' title='bbox 533 633 814 703; x_wconf 87' lang='lat' dir='ltr'><strong>siderare,</strong></span> <span class='ocrx_word' id='word_1_33' title='bbox 849 634 1142 708; x_wconf 91' lang='lat' dir='ltr'><strong>quomodo</strong></span> <span class='ocrx_word' id='word_1_34' title='bbox 1175 633 1305 692; x_wconf 89' lang='lat' dir='ltr'><strong>fieri</strong></span> <span class='ocrx_word' id='word_1_35' title='bbox 1333 634 1616 710; x_wconf 86' lang='lat' dir='ltr'><strong>potuerit,</strong></span> <span class='ocrx_word' id='word_1_36' title='bbox 1648 637 1721 693; x_wconf 89' lang='lat' dir='ltr'><strong>ut</strong></span> <span class='ocrx_word' id='word_1_37' title='bbox 1752 653 1944 693; x_wconf 90' lang='lat' dir='ltr'><strong>unum</strong></span> <span class='ocrx_word' id='word_1_38' title='bbox 1973 634 2124 694; x_wconf 91' lang='lat' dir='ltr'><strong>illud</strong></span> <span class='ocrx_word' id='word_1_39' title='bbox 2158 653 2390 711; x_wconf 91' lang='lat' dir='ltr'><strong>corpus,</strong></span> <span class='ocrx_word' id='word_1_40' title='bbox 2423 636 2583 712; x_wconf 89' lang='lat' dir='ltr'><strong>quod</strong></span> <span class='ocrx_word' id='word_1_41' title='bbox 2614 639 2737 694; x_wconf 89' lang='lat' dir='ltr'><strong>tam</strong></span> <span class='ocrx_word' id='word_1_42' title='bbox 2769 636 2978 696; x_wconf 87' lang='lat' dir='ltr'><strong>multis</strong></span> <span class='ocrx_word' id='word_1_43' title='bbox 3010 637 3153 696; x_wconf 89' lang='lat' dir='ltr'><strong>fide·</strong></span> 
     </span>
     <span class='ocr_line' id='line_1_5' title="bbox 533 722 3155 802; baseline 0.002 -22"><span class='ocrx_word' id='word_1_44' title='bbox 533 723 677 781; x_wconf 88' lang='lat' dir='ltr'><strong>lium</strong></span> <span class='ocrx_word' id='word_1_45' title='bbox 713 722 981 781; x_wconf 87' lang='lat' dir='ltr'><strong>millibus</strong></span> <span class='ocrx_word' id='word_1_46' title='bbox 1012 722 1077 780; x_wconf 90' lang='lat' dir='ltr'><strong>in</strong></span> <span class='ocrx_word' id='word_1_47' title='bbox 1108 723 1388 782; x_wconf 87' lang='lat' dir='ltr'><strong>universo</strong></span> <span class='ocrx_word' id='word_1_48' title='bbox 1422 723 1561 782; x_wconf 88' lang='lat' dir='ltr'><strong>orbe</strong></span> <span class='ocrx_word' id='word_1_49' title='bbox 1591 726 1889 782; x_wconf 89' lang='lat' dir='ltr'><strong>terrarum</strong></span> <span class='ocrx_word' id='word_1_50' title='bbox 1920 742 2152 800; x_wconf 90' lang='lat' dir='ltr'><strong>semper</strong></span> <span class='ocrx_word' id='word_1_51' title='bbox 2184 723 2586 798; x_wconf 77' lang='lat' dir='ltr'><strong>distribuitur,</strong></span> <span class='ocrx_word' id='word_1_52' title='bbox 2632 728 2829 784; x_wconf 85' lang='lat' dir='ltr'><strong>totum</strong></span> <span class='ocrx_word' id='word_1_53' title='bbox 2875 744 2983 802; x_wconf 92' lang='lat' dir='ltr'><strong>per</strong></span> <span class='ocrx_word' id='word_1_54' title='bbox 3020 745 3155 801; x_wconf 90' lang='lat' dir='ltr'><strong>par-</strong></span> 
     </span>
     <span class='ocr_line' id='line_1_6' title="bbox 529 807 3155 893; baseline 0.002 -23"><span class='ocrx_word' id='word_1_55' title='bbox 529 815 654 870; x_wconf 85' lang='lat' dir='ltr'><strong>tem</strong></span> <span class='ocrx_word' id='word_1_56' title='bbox 690 807 1138 893; x_wconf 87' lang='lat' dir='ltr'><strong>(eucharistiae)</strong></span> <span class='ocrx_word' id='word_1_57' title='bbox 1185 812 1267 870; x_wconf 89' lang='lat' dir='ltr'><strong>sit</strong></span> <span class='ocrx_word' id='word_1_58' title='bbox 1310 811 1375 870; x_wconf 91' lang='lat' dir='ltr'><strong>in</strong></span> <span class='ocrx_word' id='word_1_59' title='bbox 1418 830 1781 887; x_wconf 90' lang='lat' dir='ltr'><strong>unoquoque</strong></span> <span class='ocrx_word' id='word_1_60' title='bbox 1830 815 1893 870; x_wconf 92' lang='lat' dir='ltr'><strong>et</strong></span> <span class='ocrx_word' id='word_1_61' title='bbox 1939 814 2137 889; x_wconf 89' lang='lat' dir='ltr'><strong>ipsum</strong></span> <span class='ocrx_word' id='word_1_62' title='bbox 2181 815 2247 872; x_wconf 91' lang='lat' dir='ltr'><strong>in</strong></span> <span class='ocrx_word' id='word_1_63' title='bbox 2296 831 2359 873; x_wconf 92' lang='lat' dir='ltr'><strong>se</strong></span> <span class='ocrx_word' id='word_1_64' title='bbox 2408 818 2604 873; x_wconf 86' lang='lat' dir='ltr'><strong>totum</strong></span> <span class='ocrx_word' id='word_1_65' title='bbox 2651 817 2947 885; x_wconf 78' lang='lat' dir='ltr'><strong>maneat,‘</strong></span> <span class='ocrx_word' id='word_1_66' title='bbox 2994 815 3155 890; x_wconf 90' lang='lat' dir='ltr'><strong>quod</strong></span> 
     </span>
     <span class='ocr_line' id='line_1_7' title="bbox 533 900 3153 980; baseline 0.002 -22"><span class='ocrx_word' id='word_1_67' title='bbox 533 900 842 959; x_wconf 77' lang='lat' dir='ltr'><strong>subtiliter</strong></span> <span class='ocrx_word' id='word_1_68' title='bbox 874 900 1086 960; x_wconf 90' lang='lat' dir='ltr'><strong>deinde</strong></span> <span class='ocrx_word' id='word_1_69' title='bbox 1117 901 1340 960; x_wconf 88' lang='lat' dir='ltr'><strong>nititur</strong></span> <span class='ocrx_word' id='word_1_70' title='bbox 1371 900 1573 976; x_wconf 88' lang='lat' dir='ltr'><strong>aliquo</strong></span> <span class='ocrx_word' id='word_1_71' title='bbox 1606 901 1780 961; x_wconf 93' lang='lat' dir='ltr'><strong>modo</strong></span> <span class='ocrx_word' id='word_1_72' title='bbox 1811 902 2117 978; x_wconf 83' lang='lat' dir='ltr'><strong>explicare.</strong></span> <span class='ocrx_word' id='word_1_73' title='bbox 2180 903 2250 961; x_wconf 90' lang='lat' dir='ltr'><strong>In</strong></span> <span class='ocrx_word' id='word_1_74' title='bbox 2294 903 2659 979; x_wconf 81' lang='lat' dir='ltr'><strong>praefatione</strong></span> <span class='ocrx_word' id='word_1_75' title='bbox 2701 903 2937 975; x_wconf 86' lang='lat' dir='ltr'><strong>missae,</strong></span> <span class='ocrx_word' id='word_1_76' title='bbox 2982 923 3153 980; x_wconf 86' lang='lat' dir='ltr'><strong>quae,</strong></span> 
     </span>
     <span class='ocr_line' id='line_1_8' title="bbox 531 988 3151 1067; baseline 0.001 -19"><span class='ocrx_word' id='word_1_77' title='bbox 531 992 686 1049; x_wconf 87' lang='lat' dir='ltr'><strong>teste</strong></span> <span class='ocrx_word' id='word_1_78' title='bbox 717 990 823 1049; x_wconf 82' lang='lat' dir='ltr'><strong>Gu</strong></span> <span class='ocrx_word' id='word_1_79' title='bbox 840 991 858 1048; x_wconf 93' lang='lat' dir='ltr'><strong>i</strong></span> <span class='ocrx_word' id='word_1_80' title='bbox 876 988 1140 1049; x_wconf 90' lang='lat' dir='ltr'><strong>tmund</strong></span> <span class='ocrx_word' id='word_1_81' title='bbox 1157 1008 1192 1048; x_wconf 93' lang='lat' dir='ltr'><strong>o</strong></span> <span class='ocrx_word' id='word_1_82' title='bbox 1223 990 1268 1059; x_wconf 91' lang='lat'><strong>1,</strong></span> <span class='ocrx_word' id='word_1_83' title='bbox 1310 1003 1335 1053; x_wconf 93' lang='lat'>1</span> <span class='ocrx_word' id='word_1_84' title='bbox 1352 1000 1407 1059; x_wconf 84' lang='grc'><strong>’7,</strong></span> <span class='ocrx_word' id='word_1_85' title='bbox 1441 1009 1549 1049; x_wconf 89' lang='lat' dir='ltr'><strong>sec.</strong></span> <span class='ocrx_word' id='word_1_86' title='bbox 1583 990 1680 1054; x_wconf 88' lang='lat' dir='ltr'><strong>XI.</strong></span> <span class='ocrx_word' id='word_1_87' title='bbox 1712 1009 1821 1066; x_wconf 91' lang='lat' dir='ltr'><strong>per</strong></span> <span class='ocrx_word' id='word_1_88' title='bbox 1850 993 2051 1050; x_wconf 87' lang='lat' dir='ltr'><strong>totum</strong></span> <span class='ocrx_word' id='word_1_89' title='bbox 2069 1010 2219 1067; x_wconf 90' lang='lat' dir='ltr'><strong>pene</strong></span> <span class='ocrx_word' id='word_1_90' title='bbox 2239 992 2439 1051; x_wconf 90' lang='lat' dir='ltr'><strong>orbem</strong></span> <span class='ocrx_word' id='word_1_91' title='bbox 2459 992 2718 1052; x_wconf 88' lang='lat' dir='ltr'><strong>latinum</strong></span> <span class='ocrx_word' id='word_1_92' title='bbox 2737 992 3151 1064; x_wconf 80' lang='lat' dir='ltr'><strong>adhibebatur,</strong></span> 
     </span>
     <span class='ocr_line' id='line_1_9' title="bbox 532 1079 3153 1157; baseline 0.001 -19"><span class='ocrx_word' id='word_1_93' title='bbox 532 1079 817 1156; x_wconf 90' lang='lat' dir='ltr'><strong>legimus:</strong></span> <span class='ocrx_word' id='word_1_94' title='bbox 851 1079 1063 1138; x_wconf 83' lang='lat' dir='ltr'><strong>Hostia</strong></span> <span class='ocrx_word' id='word_1_95' title='bbox 1097 1098 1291 1154; x_wconf 81' lang='lat' dir='ltr'><strong>,quae</strong></span> <span class='ocrx_word' id='word_1_96' title='bbox 1322 1079 1571 1138; x_wconf 86' lang='lat' dir='ltr'><strong>offertur</strong></span> <span class='ocrx_word' id='word_1_97' title='bbox 1599 1099 1634 1138; x_wconf 88' lang='lat' dir='ltr'><strong>a</strong></span> <span class='ocrx_word' id='word_1_98' title='bbox 1663 1080 1960 1155; x_wconf 88' lang='lat' dir='ltr'><strong>plurimis,</strong></span> <span class='ocrx_word' id='word_1_99' title='bbox 1996 1085 2057 1139; x_wconf 89' lang='lat' dir='ltr'><strong>et</strong></span> <span class='ocrx_word' id='word_1_100' title='bbox 2086 1099 2275 1140; x_wconf 90' lang='lat' dir='ltr'><strong>unum</strong></span> <span class='ocrx_word' id='word_1_101' title='bbox 2307 1100 2525 1157; x_wconf 89' lang='lat' dir='ltr'><strong>corpus</strong></span> <span class='ocrx_word' id='word_1_102' title='bbox 2558 1081 2778 1141; x_wconf 90' lang='lat' dir='ltr'><strong>Christi</strong></span> <span class='ocrx_word' id='word_1_103' title='bbox 2810 1100 2856 1144; x_wconf 92' lang='lat' dir='ltr'><strong>s.</strong></span> <span class='ocrx_word' id='word_1_104' title='bbox 2890 1082 3153 1157; x_wconf 89' lang='lat' dir='ltr'><strong>Spiritus</strong></span> 
     </span>
     <span class='ocr_line' id='line_1_10' title="bbox 533 1168 3155 1248; baseline 0.002 -22"><span class='ocrx_word' id='word_1_105' title='bbox 533 1168 834 1228; x_wconf 84' lang='lat' dir='ltr'><strong>infusione</strong></span> <span class='ocrx_word' id='word_1_106' title='bbox 867 1168 1188 1245; x_wconf 84' lang='lat' dir='ltr'><strong>perficitur.</strong></span> <span class='ocrx_word' id='word_1_107' title='bbox 1241 1168 1477 1245; x_wconf 87' lang='lat' dir='ltr'><strong>Singuli</strong></span> <span class='ocrx_word' id='word_1_108' title='bbox 1509 1169 1815 1245; x_wconf 89' lang='lat' dir='ltr'><strong>accipiunt</strong></span> <span class='ocrx_word' id='word_1_109' title='bbox 1833 1169 2135 1229; x_wconf 88' lang='lat' dir='ltr'><strong>Christum</strong></span> <span class='ocrx_word' id='word_1_110' title='bbox 2168 1170 2508 1241; x_wconf 90' lang='lat' dir='ltr'><strong>Dominum,</strong></span> <span class='ocrx_word' id='word_1_111' title='bbox 2542 1174 2605 1229; x_wconf 91' lang='lat' dir='ltr'><strong>et</strong></span> <span class='ocrx_word' id='word_1_112' title='bbox 2635 1172 2700 1230; x_wconf 91' lang='lat' dir='ltr'><strong>in</strong></span> <span class='ocrx_word' id='word_1_113' title='bbox 2729 1171 2987 1248; x_wconf 88' lang='lat' dir='ltr'><strong>singulis</strong></span> <span class='ocrx_word' id='word_1_114' title='bbox 3017 1191 3155 1248; x_wconf 89' lang='lat' dir='ltr'><strong>por·</strong></span> 
     </span>
     <span class='ocr_line' id='line_1_11' title="bbox 531 1257 3156 1337; baseline 0.001 -21"><span class='ocrx_word' id='word_1_115' title='bbox 531 1257 797 1317; x_wconf 90' lang='lat' dir='ltr'><strong>tionibus</strong></span> <span class='ocrx_word' id='word_1_116' title='bbox 829 1260 996 1316; x_wconf 82' lang='lat' dir='ltr'><strong>totus</strong></span> <span class='ocrx_word' id='word_1_117' title='bbox 1027 1261 1137 1328; x_wconf 88' lang='lat' dir='ltr'><strong>est,</strong></span> <span class='ocrx_word' id='word_1_118' title='bbox 1170 1276 1280 1317; x_wconf 90' lang='lat' dir='ltr'><strong>nec</strong></span> <span class='ocrx_word' id='word_1_119' title='bbox 1308 1277 1413 1334; x_wconf 87' lang='lat' dir='ltr'><strong>per</strong></span> <span class='ocrx_word' id='word_1_120' title='bbox 1443 1259 1713 1334; x_wconf 86' lang='lat' dir='ltr'><strong>singulos</strong></span> <span class='ocrx_word' id='word_1_121' title='bbox 1744 1258 2062 1329; x_wconf 88' lang='lat' dir='ltr'><strong>minuitur,</strong></span> <span class='ocrx_word' id='word_1_122' title='bbox 2097 1260 2201 1319; x_wconf 92' lang='lat' dir='ltr'><strong>sed</strong></span> <span class='ocrx_word' id='word_1_123' title='bbox 2231 1260 2534 1337; x_wconf 88' lang='lat' dir='ltr'><strong>integrum</strong></span> <span class='ocrx_word' id='word_1_124' title='bbox 2568 1279 2631 1320; x_wconf 91' lang='lat' dir='ltr'><strong>se</strong></span> <span class='ocrx_word' id='word_1_125' title='bbox 2661 1261 2907 1337; x_wconf 86' lang='lat' dir='ltr'><strong>praebet</strong></span> <span class='ocrx_word' id='word_1_126' title='bbox 2934 1260 3001 1319; x_wconf 91' lang='lat' dir='ltr'><strong>in</strong></span> <span class='ocrx_word' id='word_1_127' title='bbox 3031 1260 3156 1320; x_wconf 92' lang='lat' dir='ltr'><strong>sin-</strong></span> 
     </span>
     <span class='ocr_line' id='line_1_12' title="bbox 533 1346 3153 1424; baseline 0.002 -20"><span class='ocrx_word' id='word_1_128' title='bbox 533 1346 755 1423; x_wconf 57' lang='lat' dir='ltr'><strong>gulis&lt;</strong></span> <span class='ocrx_word' id='word_1_129' title='bbox 790 1380 877 1389; x_wconf 90' lang='lat'>—</span> <span class='ocrx_word' id='word_1_130' title='bbox 909 1346 1339 1423; x_wconf 89' lang='lat' dir='ltr'><strong>Dionysius</strong></span> <span class='ocrx_word' id='word_1_131' title='bbox 1371 1348 1509 1411; x_wconf 87' lang='lat' dir='ltr'><strong>eccl.</strong></span> <span class='ocrx_word' id='word_1_132' title='bbox 1543 1347 1904 1406; x_wconf 84' lang='lat' dir='ltr'><strong>hierarchiae</strong></span> <span class='ocrx_word' id='word_1_133' title='bbox 1935 1367 1982 1411; x_wconf 91' lang='lat' dir='ltr'><strong>c.</strong></span> <span class='ocrx_word' id='word_1_134' title='bbox 2018 1357 2054 1411; x_wconf 88' lang='lat'>3</span> <span class='ocrx_word' id='word_1_135' title='bbox 2089 1350 2404 1424; x_wconf 86' lang='lat' dir='ltr'><strong>contempl.</strong></span> <span class='ocrx_word' id='word_1_136' title='bbox 2436 1353 2468 1422; x_wconf 67' lang='grc' dir='ltr'><strong>ἓ</strong></span> <span class='ocrx_word' id='word_1_137' title='bbox 2509 1359 2619 1412; x_wconf 87' lang='lat'><strong>12:</strong></span> <span class='ocrx_word' id='word_1_138' title='bbox 2671 1350 3018 1420; x_wconf 85' lang='lat' dir='ltr'><strong>,Sacerdos,</strong></span> <span class='ocrx_word' id='word_1_139' title='bbox 3060 1350 3153 1408; x_wconf 90' lang='lat' dir='ltr'><strong>in·</strong></span> 
     </span>
     <span class='ocr_line' id='line_1_13' title="bbox 531 1435 3155 1512; baseline 0.002 -18"><span class='ocrx_word' id='word_1_140' title='bbox 531 1436 683 1512; x_wconf 92' lang='lat' dir='ltr'><strong>quit,</strong></span> <span class='ocrx_word' id='word_1_141' title='bbox 732 1435 1160 1495; x_wconf 79' lang='lat' dir='ltr'><strong>indivisibilem</strong></span> <span class='ocrx_word' id='word_1_142' title='bbox 1205 1454 1418 1511; x_wconf 91' lang='lat' dir='ltr'><strong>panem</strong></span> <span class='ocrx_word' id='word_1_143' title='bbox 1465 1437 1528 1494; x_wconf 89' lang='lat' dir='ltr'><strong>in</strong></span> <span class='ocrx_word' id='word_1_144' title='bbox 1574 1436 1766 1494; x_wconf 79' lang='lat' dir='ltr'><strong>multa</strong></span> <span class='ocrx_word' id='word_1_145' title='bbox 1810 1437 2100 1509; x_wconf 89' lang='lat' dir='ltr'><strong>dividens,</strong></span> <span class='ocrx_word' id='word_1_146' title='bbox 2148 1442 2210 1496; x_wconf 86' lang='lat' dir='ltr'><strong>et</strong></span> <span class='ocrx_word' id='word_1_147' title='bbox 2252 1438 2619 1498; x_wconf 82' lang='lat' dir='ltr'><strong>indivisibile</strong></span> <span class='ocrx_word' id='word_1_148' title='bbox 2651 1439 2847 1498; x_wconf 87' lang='lat' dir='ltr'><strong>calicis</strong></span> <span class='ocrx_word' id='word_1_149' title='bbox 2878 1438 3155 1498; x_wconf 89' lang='lat' dir='ltr'><strong>omnibus</strong></span> 
     </span>
     <span class='ocr_line' id='line_1_14' title="bbox 531 1524 3157 1602; baseline 0.002 -20"><span class='ocrx_word' id='word_1_150' title='bbox 531 1524 902 1583; x_wconf 90' lang='lat' dir='ltr'><strong>distribuens</strong></span> <span class='ocrx_word' id='word_1_151' title='bbox 947 1526 1176 1584; x_wconf 90' lang='lat' dir='ltr'><strong>ratione</strong></span> <span class='ocrx_word' id='word_1_152' title='bbox 1222 1525 1627 1600; x_wconf 87' lang='lat' dir='ltr'><strong>symbolorum</strong></span> <span class='ocrx_word' id='word_1_153' title='bbox 1674 1526 2040 1602; x_wconf 86' lang='lat' dir='ltr'><strong>multiplicat</strong></span> <span class='ocrx_word' id='word_1_154' title='bbox 2083 1529 2143 1586; x_wconf 89' lang='lat' dir='ltr'><strong>et</strong></span> <span class='ocrx_word' id='word_1_155' title='bbox 2186 1527 2503 1587; x_wconf 87' lang='lat' dir='ltr'><strong>distribuit</strong></span> <span class='ocrx_word' id='word_1_156' title='bbox 2546 1529 2901 1591; x_wconf 80' lang='lat' dir='ltr'><strong>unitatem.‘</strong></span> <span class='ocrx_word' id='word_1_157' title='bbox 2952 1563 3041 1571; x_wconf 93' lang='lat'>—</span> <span class='ocrx_word' id='word_1_158' title='bbox 3084 1527 3157 1587; x_wconf 91' lang='lat' dir='ltr'><strong>In</strong></span> 
     </span>
     <span class='ocr_line' id='line_1_15' title="bbox 533 1613 3156 1695; baseline 0.001 -22"><span class='ocrx_word' id='word_1_159' title='bbox 533 1613 709 1689; x_wconf 87' lang='lat' dir='ltr'><strong>praef.</strong></span> <span class='ocrx_word' id='word_1_160' title='bbox 742 1614 958 1674; x_wconf 87' lang='lat' dir='ltr'><strong>missae</strong></span> <span class='ocrx_word' id='word_1_161' title='bbox 988 1614 1353 1691; x_wconf 81' lang='lat' dir='ltr'><strong>gothicae</strong></span> <span class='ocrx_word' id='word_1_162' title='bbox 1386 1613 1489 1672; x_wconf 87' lang='lat' dir='ltr'><strong>fer.</strong></span> <span class='ocrx_word' id='word_1_163' title='bbox 1525 1625 1561 1677; x_wconf 89' lang='lat'>4</span> <span class='ocrx_word' id='word_1_164' title='bbox 1595 1617 1733 1691; x_wconf 90' lang='lat' dir='ltr'><strong>post</strong></span> <span class='ocrx_word' id='word_1_165' title='bbox 1762 1616 1978 1691; x_wconf 88' lang='lat' dir='ltr'><strong>pascha</strong></span> <span class='ocrx_word' id='word_1_166' title='bbox 2010 1616 2232 1675; x_wconf 86' lang='lat' dir='ltr'><strong>dicitur</strong></span> <span class='ocrx_word' id='word_1_167' title='bbox 2263 1617 2531 1676; x_wconf 87' lang='lat' dir='ltr'><strong>Christus</strong></span> <span class='ocrx_word' id='word_1_168' title='bbox 2561 1636 2768 1695; x_wconf 88' lang='lat' dir='ltr'><strong>agnus,</strong></span> <span class='ocrx_word' id='word_1_169' title='bbox 2820 1617 2966 1693; x_wconf 83' lang='lat' dir='ltr'><strong>,qui</strong></span> <span class='ocrx_word' id='word_1_170' title='bbox 3004 1636 3156 1677; x_wconf 87' lang='lat' dir='ltr'><strong>nus-</strong></span> 
     </span>
     <span class='ocr_line' id='line_1_16' title="bbox 530 1703 3156 1783; baseline 0.002 -22"><span class='ocrx_word' id='word_1_171' title='bbox 530 1722 711 1778; x_wconf 88' lang='lat' dir='ltr'><strong>quam</strong></span> <span class='ocrx_word' id='word_1_172' title='bbox 743 1703 999 1762; x_wconf 88' lang='lat' dir='ltr'><strong>moritur</strong></span> <span class='ocrx_word' id='word_1_173' title='bbox 1029 1703 1389 1773; x_wconf 75' lang='lat' dir='ltr'><strong>immolatae,</strong></span> <span class='ocrx_word' id='word_1_174' title='bbox 1425 1704 1529 1763; x_wconf 92' lang='lat' dir='ltr'><strong>sed</strong></span> <span class='ocrx_word' id='word_1_175' title='bbox 1563 1722 1798 1781; x_wconf 88' lang='lat' dir='ltr'><strong>semper</strong></span> <span class='ocrx_word' id='word_1_176' title='bbox 1817 1704 1975 1764; x_wconf 85' lang='lat' dir='ltr'><strong>vivit</strong></span> <span class='ocrx_word' id='word_1_177' title='bbox 1993 1706 2298 1765; x_wconf 77' lang='lat' dir='ltr'><strong>occisusz‘</strong></span> <span class='ocrx_word' id='word_1_178' title='bbox 2333 1706 2398 1764; x_wconf 90' lang='lat' dir='ltr'><strong>in</strong></span> <span class='ocrx_word' id='word_1_179' title='bbox 2427 1705 2637 1783; x_wconf 86' lang='lat' dir='ltr'><strong>liturg.</strong></span> <span class='ocrx_word' id='word_1_180' title='bbox 2675 1724 2723 1765; x_wconf 92' lang='lat' dir='ltr'><strong>s.</strong></span> <span class='ocrx_word' id='word_1_181' title='bbox 2741 1706 2911 1769; x_wconf 85' lang='lat' dir='ltr'><strong>Joan.</strong></span> <span class='ocrx_word' id='word_1_182' title='bbox 2932 1706 3025 1765; x_wconf 82' lang='lat' dir='ltr'><strong>Ch</strong></span> <span class='ocrx_word' id='word_1_183' title='bbox 3042 1726 3074 1765; x_wconf 90' lang='lat' dir='ltr'><strong>r</strong></span> <span class='ocrx_word' id='word_1_184' title='bbox 3085 1727 3156 1783; x_wconf 86' lang='lat' dir='ltr'><strong>y-</strong></span> 
     </span>
     <span class='ocr_line' id='line_1_17' title="bbox 534 1792 3156 1872; baseline 0.002 -22"><span class='ocrx_word' id='word_1_185' title='bbox 534 1811 562 1850; x_wconf 90' lang='lat' dir='ltr'><strong>s</strong></span> <span class='ocrx_word' id='word_1_186' title='bbox 584 1810 617 1851; x_wconf 93' lang='lat' dir='ltr'><strong>o</strong></span> <span class='ocrx_word' id='word_1_187' title='bbox 634 1810 662 1850; x_wconf 90' lang='lat' dir='ltr'><strong>s</strong></span> <span class='ocrx_word' id='word_1_188' title='bbox 681 1795 756 1851; x_wconf 89' lang='lat' dir='ltr'><strong>to</strong></span> <span class='ocrx_word' id='word_1_189' title='bbox 775 1792 869 1850; x_wconf 92' lang='lat' dir='ltr'><strong>mi</strong></span> <span class='ocrx_word' id='word_1_190' title='bbox 903 1792 977 1850; x_wconf 95' lang='lat' dir='ltr'><strong>ad</strong></span> <span class='ocrx_word' id='word_1_191' title='bbox 1011 1792 1388 1852; x_wconf 84' lang='lat' dir='ltr'><strong>fractionem:</strong></span> <span class='ocrx_word' id='word_1_192' title='bbox 1425 1832 1452 1862; x_wconf 81' lang='lat'><strong>,</strong></span> <span class='ocrx_word' id='word_1_193' title='bbox 1470 1793 1794 1870; x_wconf 80' lang='lat' dir='ltr'><strong>Frangitur</strong></span> <span class='ocrx_word' id='word_1_194' title='bbox 1822 1795 1884 1853; x_wconf 89' lang='lat' dir='ltr'><strong>et</strong></span> <span class='ocrx_word' id='word_1_195' title='bbox 1914 1793 2209 1854; x_wconf 87' lang='lat' dir='ltr'><strong>dividitur</strong></span> <span class='ocrx_word' id='word_1_196' title='bbox 2225 1814 2417 1872; x_wconf 88' lang='lat' dir='ltr'><strong>agnus</strong></span> <span class='ocrx_word' id='word_1_197' title='bbox 2437 1795 2561 1867; x_wconf 90' lang='lat' dir='ltr'><strong>Dei,</strong></span> <span class='ocrx_word' id='word_1_198' title='bbox 2594 1795 2784 1854; x_wconf 88' lang='lat' dir='ltr'><strong>Filius</strong></span> <span class='ocrx_word' id='word_1_199' title='bbox 2807 1795 3016 1867; x_wconf 84' lang='lat' dir='ltr'><strong>Patris,</strong></span> <span class='ocrx_word' id='word_1_200' title='bbox 3050 1795 3156 1870; x_wconf 91' lang='lat' dir='ltr'><strong>qui</strong></span> 
     </span>
     <span class='ocr_line' id='line_1_18' title="bbox 530 1881 3154 1959; baseline 0.001 -20"><span class='ocrx_word' id='word_1_201' title='bbox 530 1881 844 1958; x_wconf 84' lang='lat' dir='ltr'><strong>frangitur,</strong></span> <span class='ocrx_word' id='word_1_202' title='bbox 892 1884 954 1941; x_wconf 88' lang='lat' dir='ltr'><strong>at</strong></span> <span class='ocrx_word' id='word_1_203' title='bbox 982 1900 1103 1940; x_wconf 92' lang='lat' dir='ltr'><strong>non</strong></span> <span class='ocrx_word' id='word_1_204' title='bbox 1132 1882 1591 1953; x_wconf 88' lang='lat' dir='ltr'><strong>comminuitur;</strong></span> <span class='ocrx_word' id='word_1_205' title='bbox 1624 1883 1730 1959; x_wconf 91' lang='lat' dir='ltr'><strong>qui</strong></span> <span class='ocrx_word' id='word_1_206' title='bbox 1761 1901 1995 1959; x_wconf 91' lang='lat' dir='ltr'><strong>semper</strong></span> <span class='ocrx_word' id='word_1_207' title='bbox 2023 1885 2354 1943; x_wconf 89' lang='lat' dir='ltr'><strong>comeditur</strong></span> <span class='ocrx_word' id='word_1_208' title='bbox 2383 1888 2446 1943; x_wconf 91' lang='lat' dir='ltr'><strong>et</strong></span> <span class='ocrx_word' id='word_1_209' title='bbox 2474 1902 2597 1943; x_wconf 92' lang='lat' dir='ltr'><strong>non</strong></span> <span class='ocrx_word' id='word_1_210' title='bbox 2626 1885 3016 1956; x_wconf 85' lang='lat' dir='ltr'><strong>consumitur,</strong></span> <span class='ocrx_word' id='word_1_211' title='bbox 3050 1884 3154 1944; x_wconf 89' lang='lat' dir='ltr'><strong>sed</strong></span> 
     </span>
     <span class='ocr_line' id='line_1_19' title="bbox 530 1970 3155 2050; baseline 0.002 -22"><span class='ocrx_word' id='word_1_212' title='bbox 530 1988 650 2040; x_wconf 90' lang='lat' dir='ltr'><strong>eos,</strong></span> <span class='ocrx_word' id='word_1_213' title='bbox 703 1970 809 2046; x_wconf 90' lang='lat' dir='ltr'><strong>qui</strong></span> <span class='ocrx_word' id='word_1_214' title='bbox 857 1974 1003 2030; x_wconf 86' lang='lat' dir='ltr'><strong>sunt</strong></span> <span class='ocrx_word' id='word_1_215' title='bbox 1051 1971 1385 2048; x_wconf 89' lang='lat' dir='ltr'><strong>participes,</strong></span> <span class='ocrx_word' id='word_1_216' title='bbox 1437 1972 1819 2034; x_wconf 77' lang='lat' dir='ltr'><strong>sanctificat.‘</strong></span> <span class='ocrx_word' id='word_1_217' title='bbox 1887 1971 2048 2041; x_wconf 82' lang='lat' dir='ltr'><strong>Quae</strong></span> <span class='ocrx_word' id='word_1_218' title='bbox 2092 1973 2154 2031; x_wconf 89' lang='lat' dir='ltr'><strong>in</strong></span> <span class='ocrx_word' id='word_1_219' title='bbox 2200 1976 2460 2033; x_wconf 88' lang='lat' dir='ltr'><strong>mentem</strong></span> <span class='ocrx_word' id='word_1_220' title='bbox 2502 1973 2678 2032; x_wconf 86' lang='lat' dir='ltr'><strong>nobis</strong></span> <span class='ocrx_word' id='word_1_221' title='bbox 2710 1978 2990 2033; x_wconf 88' lang='lat' dir='ltr'><strong>revocant</strong></span> <span class='ocrx_word' id='word_1_222' title='bbox 3020 1974 3155 2050; x_wconf 90' lang='lat' dir='ltr'><strong>pul-</strong></span> 
     </span>
     <span class='ocr_line' id='line_1_20' title="bbox 534 2059 3155 2139; baseline 0.002 -21"><span class='ocrx_word' id='word_1_223' title='bbox 534 2059 823 2119; x_wconf 87' lang='lat' dir='ltr'><strong>cherrima</strong></span> <span class='ocrx_word' id='word_1_224' title='bbox 867 2060 1051 2119; x_wconf 85' lang='lat' dir='ltr'><strong>verba</strong></span> <span class='ocrx_word' id='word_1_225' title='bbox 1096 2079 1141 2123; x_wconf 88' lang='lat' dir='ltr'><strong>s.</strong></span> <span class='ocrx_word' id='word_1_226' title='bbox 1174 2061 1527 2120; x_wconf 88' lang='lat' dir='ltr'><strong>Andreae</strong></span> <span class='ocrx_word' id='word_1_227' title='bbox 1566 2080 1658 2136; x_wconf 83' lang='lat' dir='ltr'><strong>ap,</strong></span> <span class='ocrx_word' id='word_1_228' title='bbox 1690 2061 1921 2121; x_wconf 86' lang='lat' dir='ltr'><strong>tributa</strong></span> <span class='ocrx_word' id='word_1_229' title='bbox 1964 2062 2028 2120; x_wconf 90' lang='lat' dir='ltr'><strong>in</strong></span> <span class='ocrx_word' id='word_1_230' title='bbox 2071 2063 2244 2138; x_wconf 86' lang='lat' dir='ltr'><strong>epist.</strong></span> <span class='ocrx_word' id='word_1_231' title='bbox 2276 2062 2758 2139; x_wconf 89' lang='lat' dir='ltr'><strong>presbyterorum</strong></span> <span class='ocrx_word' id='word_1_232' title='bbox 2791 2065 2853 2122; x_wconf 89' lang='lat' dir='ltr'><strong>et</strong></span> <span class='ocrx_word' id='word_1_233' title='bbox 2881 2063 3155 2122; x_wconf 87' lang='lat' dir='ltr'><strong>diacono-</strong></span> 
     </span>
     <span class='ocr_line' id='line_1_21' title="bbox 533 2148 3156 2226; baseline 0.002 -20"><span class='ocrx_word' id='word_1_234' title='bbox 533 2168 668 2207; x_wconf 90' lang='lat' dir='ltr'><strong>rum</strong></span> <span class='ocrx_word' id='word_1_235' title='bbox 701 2149 955 2225; x_wconf 86' lang='lat' dir='ltr'><strong>Achajae</strong></span> <span class='ocrx_word' id='word_1_236' title='bbox 999 2148 1071 2208; x_wconf 92' lang='lat' dir='ltr'><strong>de</strong></span> <span class='ocrx_word' id='word_1_237' title='bbox 1118 2150 1248 2225; x_wconf 89' lang='lat' dir='ltr'><strong>ejus</strong></span> <span class='ocrx_word' id='word_1_238' title='bbox 1296 2150 1606 2226; x_wconf 87' lang='lat' dir='ltr'><strong>martyri0‚</strong></span> <span class='ocrx_word' id='word_1_239' title='bbox 1659 2168 1797 2209; x_wconf 88' lang='lat' dir='ltr'><strong>cum</strong></span> <span class='ocrx_word' id='word_1_240' title='bbox 1835 2152 2047 2226; x_wconf 86' lang='lat' dir='ltr'><strong>jussus</strong></span> <span class='ocrx_word' id='word_1_241' title='bbox 2094 2151 2268 2211; x_wconf 90' lang='lat' dir='ltr'><strong>idolis</strong></span> <span class='ocrx_word' id='word_1_242' title='bbox 2313 2152 2636 2211; x_wconf 88' lang='lat' dir='ltr'><strong>sacrificare</strong></span> <span class='ocrx_word' id='word_1_243' title='bbox 2682 2151 2904 2211; x_wconf 82' lang='lat' dir='ltr'><strong>dixisse</strong></span> <span class='ocrx_word' id='word_1_244' title='bbox 2935 2152 3156 2211; x_wconf 86' lang='lat' dir='ltr'><strong>fertur:</strong></span> 
     </span>
     <span class='ocr_line' id='line_1_22' title="bbox 536 2237 3156 2316; baseline 0.002 -21"><span class='ocrx_word' id='word_1_245' title='bbox 536 2237 993 2314; x_wconf 77' lang='lat' dir='ltr'><strong>,omnipotenti</strong></span> <span class='ocrx_word' id='word_1_246' title='bbox 1042 2240 1160 2298; x_wconf 93' lang='lat' dir='ltr'><strong>Deo</strong></span> <span class='ocrx_word' id='word_1_247' title='bbox 1205 2257 1314 2316; x_wconf 93' lang='lat' dir='ltr'><strong>ego</strong></span> <span class='ocrx_word' id='word_1_248' title='bbox 1361 2239 1523 2298; x_wconf 86' lang='lat' dir='ltr'><strong>omni</strong></span> <span class='ocrx_word' id='word_1_249' title='bbox 1568 2239 1665 2298; x_wconf 92' lang='lat' dir='ltr'><strong>die</strong></span> <span class='ocrx_word' id='word_1_250' title='bbox 1710 2239 1916 2299; x_wconf 88' lang='lat' dir='ltr'><strong>vivum</strong></span> <span class='ocrx_word' id='word_1_251' title='bbox 1963 2241 2140 2300; x_wconf 86' lang='lat' dir='ltr'><strong>offero</strong></span> <span class='ocrx_word' id='word_1_252' title='bbox 2172 2241 2525 2301; x_wconf 86' lang='lat' dir='ltr'><strong>sacrificium</strong></span> <span class='ocrx_word' id='word_1_253' title='bbox 2559 2286 2573 2300; x_wconf 96' lang='lat'><strong>.</strong></span> <span class='ocrx_word' id='word_1_254' title='bbox 2606 2287 2618 2300; x_wconf 93' lang='lat'><strong>.</strong></span> <span class='ocrx_word' id='word_1_255' title='bbox 2651 2286 2666 2300; x_wconf 88' lang='lat'>.</span> <span class='ocrx_word' id='word_1_256' title='bbox 2710 2241 3156 2300; x_wconf 82' lang='lat' dir='ltr'><strong>immaculatum</strong></span> 
     </span>
     <span class='ocr_line' id='line_1_23' title="bbox 537 2327 3157 2407; baseline 0.002 -22"><span class='ocrx_word' id='word_1_257' title='bbox 537 2346 760 2404; x_wconf 87' lang='lat' dir='ltr'><strong>agnum</strong></span> <span class='ocrx_word' id='word_1_258' title='bbox 791 2327 1059 2403; x_wconf 88' lang='lat' dir='ltr'><strong>quotidie</strong></span> <span class='ocrx_word' id='word_1_259' title='bbox 1093 2327 1158 2386; x_wconf 91' lang='lat' dir='ltr'><strong>in</strong></span> <span class='ocrx_word' id='word_1_260' title='bbox 1192 2327 1368 2387; x_wconf 92' lang='lat' dir='ltr'><strong>altari</strong></span> <span class='ocrx_word' id='word_1_261' title='bbox 1400 2329 1592 2387; x_wconf 89' lang='lat' dir='ltr'><strong>crucis</strong></span> <span class='ocrx_word' id='word_1_262' title='bbox 1627 2329 1747 2387; x_wconf 91' lang='lat' dir='ltr'><strong>Deo</strong></span> <span class='ocrx_word' id='word_1_263' title='bbox 1795 2329 1990 2400; x_wconf 85' lang='lat' dir='ltr'><strong>offere,</strong></span> <span class='ocrx_word' id='word_1_264' title='bbox 2038 2331 2211 2405; x_wconf 89' lang='lat' dir='ltr'><strong>cujus</strong></span> <span class='ocrx_word' id='word_1_265' title='bbox 2243 2349 2446 2390; x_wconf 91' lang='lat' dir='ltr'><strong>carnes</strong></span> <span class='ocrx_word' id='word_1_266' title='bbox 2477 2335 2797 2407; x_wconf 85' lang='lat' dir='ltr'><strong>postquam</strong></span> <span class='ocrx_word' id='word_1_267' title='bbox 2828 2330 3021 2390; x_wconf 85' lang='lat' dir='ltr'><strong>fidelis</strong></span> <span class='ocrx_word' id='word_1_268' title='bbox 3051 2349 3157 2407; x_wconf 91' lang='lat' dir='ltr'><strong>po·</strong></span> 
     </span>
     <span class='ocr_line' id='line_1_24' title="bbox 536 2416 3160 2497; baseline 0.001 -22"><span class='ocrx_word' id='word_1_269' title='bbox 536 2416 718 2491; x_wconf 91' lang='lat' dir='ltr'><strong>pulus</strong></span> <span class='ocrx_word' id='word_1_270' title='bbox 765 2416 1020 2475; x_wconf 88' lang='lat' dir='ltr'><strong>comedit</strong></span> <span class='ocrx_word' id='word_1_271' title='bbox 1062 2419 1124 2476; x_wconf 88' lang='lat' dir='ltr'><strong>et</strong></span> <span class='ocrx_word' id='word_1_272' title='bbox 1169 2418 1521 2494; x_wconf 88' lang='lat' dir='ltr'><strong>sanguinem</strong></span> <span class='ocrx_word' id='word_1_273' title='bbox 1567 2419 1698 2493; x_wconf 88' lang='lat' dir='ltr'><strong>ejus</strong></span> <span class='ocrx_word' id='word_1_274' title='bbox 1748 2417 1923 2490; x_wconf 82' lang='lat' dir='ltr'><strong>bibit,</strong></span> <span class='ocrx_word' id='word_1_275' title='bbox 1971 2419 2315 2479; x_wconf 90' lang='lat' dir='ltr'><strong>immolatus</strong></span> <span class='ocrx_word' id='word_1_276' title='bbox 2359 2439 2550 2497; x_wconf 86' lang='lat' dir='ltr'><strong>agnus</strong></span> <span class='ocrx_word' id='word_1_277' title='bbox 2588 2421 2822 2496; x_wconf 90' lang='lat' dir='ltr'><strong>integer</strong></span> <span class='ocrx_word' id='word_1_278' title='bbox 2850 2421 3054 2479; x_wconf 87' lang='lat' dir='ltr'><strong>manet</strong></span> <span class='ocrx_word' id='word_1_279' title='bbox 3096 2422 3160 2479; x_wconf 85' lang='lat' dir='ltr'><strong>et</strong></span> 
     </span>
     <span class='ocr_line' id='line_1_25' title="bbox 538 2505 3157 2585; baseline 0.003 -22"><span class='ocrx_word' id='word_1_280' title='bbox 538 2505 771 2569; x_wconf 74' lang='lat' dir='ltr'><strong>vivu8.‘</strong></span> <span class='ocrx_word' id='word_1_281' title='bbox 822 2505 901 2568; x_wconf 82' lang='lat' dir='ltr'><strong>Cf.</strong></span> <span class='ocrx_word' id='word_1_282' title='bbox 934 2506 989 2563; x_wconf 80' lang='lat' dir='ltr'>N</span> <span class='ocrx_word' id='word_1_283' title='bbox 1005 2506 1257 2565; x_wconf 89' lang='lat' dir='ltr'><strong>icetas</strong></span> <span class='ocrx_word' id='word_1_284' title='bbox 1289 2506 1591 2565; x_wconf 86' lang='lat' dir='ltr'><strong>choniates</strong></span> <span class='ocrx_word' id='word_1_285' title='bbox 1623 2506 1688 2564; x_wconf 89' lang='lat' dir='ltr'><strong>in</strong></span> <span class='ocrx_word' id='word_1_286' title='bbox 1719 2507 1928 2565; x_wconf 85' lang='lat' dir='ltr'><strong>Alexio</strong></span> <span class='ocrx_word' id='word_1_287' title='bbox 1949 2508 2243 2567; x_wconf 87' lang='lat' dir='ltr'><strong>Comneno</strong></span> <span class='ocrx_word' id='word_1_288' title='bbox 2277 2508 2315 2568; x_wconf 91' lang='lat'><strong>1.</strong></span> <span class='ocrx_word' id='word_1_289' title='bbox 2353 2519 2386 2572; x_wconf 88' lang='lat'><strong>3</strong></span> <span class='ocrx_word' id='word_1_290' title='bbox 2422 2528 2478 2569; x_wconf 91' lang='lat' dir='ltr'><strong>n.</strong></span> <span class='ocrx_word' id='word_1_291' title='bbox 2505 2518 2539 2572; x_wconf 91' lang='lat'>8</span> <span class='ocrx_word' id='word_1_292' title='bbox 2573 2528 2776 2585; x_wconf 88' lang='lat' dir='ltr'><strong>opusc.</strong></span> <span class='ocrx_word' id='word_1_293' title='bbox 2795 2509 3004 2582; x_wconf 82' lang='lat' dir='ltr'><strong>xxm,</strong></span> <span class='ocrx_word' id='word_1_294' title='bbox 3042 2517 3157 2578; x_wconf 75' lang='lat'><strong>223</strong></span> 
     </span>
     <span class='ocr_line' id='line_1_26' title="bbox 536 2594 1330 2671; baseline 0.003 -19"><span class='ocrx_word' id='word_1_295' title='bbox 536 2595 816 2653; x_wconf 91' lang='lat' dir='ltr'><strong>Petrus</strong></span> <span class='ocrx_word' id='word_1_296' title='bbox 848 2594 1028 2658; x_wconf 88' lang='lat' dir='ltr'><strong>bless.</strong></span> <span class='ocrx_word' id='word_1_297' title='bbox 1059 2613 1147 2671; x_wconf 91' lang='lat' dir='ltr'><strong>ep.</strong></span> <span class='ocrx_word' id='word_1_298' title='bbox 1191 2605 1330 2658; x_wconf 83' lang='lat'><strong>140.</strong></span> 
     </span>
    </p>

    <p class='ocr_par' dir='ltr' id='par_1_3' title="bbox 534 2685 3160 4459">
     <span class='ocr_line' id='line_1_27' title="bbox 714 2685 3156 2764; baseline 0.001 -21"><span class='ocrx_word' id='word_1_299' title='bbox 714 2685 897 2744; x_wconf 87' lang='lat' dir='ltr'><strong>Aliud</strong></span> <span class='ocrx_word' id='word_1_300' title='bbox 930 2685 1283 2744; x_wconf 90' lang='lat' dir='ltr'><strong>miraculum</strong></span> <span class='ocrx_word' id='word_1_301' title='bbox 1314 2685 1571 2744; x_wconf 88' lang='lat' dir='ltr'><strong>miratur</strong></span> <span class='ocrx_word' id='word_1_302' title='bbox 1601 2687 2102 2762; x_wconf 86' lang='lat' dir='ltr'><strong>Augustinus</strong></span> <span class='ocrx_word' id='word_1_303' title='bbox 2150 2706 2323 2747; x_wconf 92' lang='lat' dir='ltr'><strong>serm.</strong></span> <span class='ocrx_word' id='word_1_304' title='bbox 2366 2699 2389 2751; x_wconf 91' lang='lat'>1</span> <span class='ocrx_word' id='word_1_305' title='bbox 2430 2689 2493 2747; x_wconf 88' lang='lat' dir='ltr'><strong>in</strong></span> <span class='ocrx_word' id='word_1_306' title='bbox 2526 2691 2621 2747; x_wconf 91' lang='lat' dir='ltr'><strong>Ps.</strong></span> <span class='ocrx_word' id='word_1_307' title='bbox 2658 2698 2738 2752; x_wconf 88' lang='lat'><strong>38</strong></span> <span class='ocrx_word' id='word_1_308' title='bbox 2773 2708 2829 2750; x_wconf 87' lang='lat' dir='ltr'><strong>n.</strong></span> <span class='ocrx_word' id='word_1_309' title='bbox 2872 2698 2947 2751; x_wconf 88' lang='grc'><strong>10</strong></span> <span class='ocrx_word' id='word_1_310' title='bbox 2981 2707 3156 2764; x_wconf 84' lang='lat' dir='ltr'><strong>expo·</strong></span> 
     </span>
     <span class='ocr_line' id='line_1_28' title="bbox 536 2774 3155 2851; baseline 0.001 -19"><span class='ocrx_word' id='word_1_311' title='bbox 536 2791 684 2833; x_wconf 88' lang='lat' dir='ltr'><strong>nens</strong></span> <span class='ocrx_word' id='word_1_312' title='bbox 716 2775 896 2832; x_wconf 89' lang='lat' dir='ltr'><strong>verba</strong></span> <span class='ocrx_word' id='word_1_313' title='bbox 935 2785 986 2836; x_wconf 90' lang='lat' dir='ltr'><strong>l.</strong></span> <span class='ocrx_word' id='word_1_314' title='bbox 1020 2774 1159 2851; x_wconf 87' lang='lat' dir='ltr'><strong>Reg.</strong></span> <span class='ocrx_word' id='word_1_315' title='bbox 1183 2784 1283 2845; x_wconf 89' lang='grc'><strong>21,</strong></span> <span class='ocrx_word' id='word_1_316' title='bbox 1329 2783 1401 2837; x_wconf 86' lang='grc'><strong>13</strong></span> <span class='ocrx_word' id='word_1_317' title='bbox 1437 2792 1546 2837; x_wconf 89' lang='lat' dir='ltr'><strong>sec.</strong></span> <span class='ocrx_word' id='word_1_318' title='bbox 1569 2774 1750 2833; x_wconf 85' lang='lat' dir='ltr'>LXX:</span> <span class='ocrx_word' id='word_1_319' title='bbox 1784 2775 1864 2834; x_wconf 77' lang='lat' dir='ltr'><strong>Et</strong></span> <span class='ocrx_word' id='word_1_320' title='bbox 1895 2777 2186 2851; x_wconf 80' lang='lat' dir='ltr'><strong>ferebatur</strong></span> <span class='ocrx_word' id='word_1_321' title='bbox 2216 2780 2280 2835; x_wconf 81' lang='lat' dir='ltr'><strong>in</strong></span> <span class='ocrx_word' id='word_1_322' title='bbox 2311 2778 2580 2837; x_wconf 60' lang='lat' dir='ltr'><strong>,nauibus</strong></span> <span class='ocrx_word' id='word_1_323' title='bbox 2609 2781 2766 2836; x_wconf 77' lang='lat' dir='ltr'><strong>suis:</strong></span> <span class='ocrx_word' id='word_1_324' title='bbox 2802 2777 2970 2846; x_wconf 81' lang='lat' dir='ltr'><strong>,Hoc</strong></span> <span class='ocrx_word' id='word_1_325' title='bbox 2998 2794 3155 2848; x_wconf 87' lang='lat' dir='ltr'><strong>vero,</strong></span> 
     </span>
     <span class='ocr_line' id='line_1_29' title="bbox 536 2862 3160 2943; baseline 0.002 -23"><span class='ocrx_word' id='word_1_326' title='bbox 536 2863 766 2933; x_wconf 81' lang='lat' dir='ltr'><strong>fratres,</strong></span> <span class='ocrx_word' id='word_1_327' title='bbox 808 2862 1102 2938; x_wconf 90' lang='lat' dir='ltr'><strong>quomodo</strong></span> <span class='ocrx_word' id='word_1_328' title='bbox 1135 2863 1323 2938; x_wconf 88' lang='lat' dir='ltr'><strong>possit</strong></span> <span class='ocrx_word' id='word_1_329' title='bbox 1354 2863 1480 2922; x_wconf 86' lang='lat' dir='ltr'><strong>fieri</strong></span> <span class='ocrx_word' id='word_1_330' title='bbox 1525 2864 1586 2922; x_wconf 90' lang='lat' dir='ltr'><strong>in</strong></span> <span class='ocrx_word' id='word_1_331' title='bbox 1634 2864 1890 2936; x_wconf 90' lang='lat' dir='ltr'><strong>homine,</strong></span> <span class='ocrx_word' id='word_1_332' title='bbox 1939 2866 2075 2941; x_wconf 91' lang='lat' dir='ltr'><strong>quis</strong></span> <span class='ocrx_word' id='word_1_333' title='bbox 2105 2867 2448 2943; x_wconf 84' lang='lat' dir='ltr'><strong>intelligat?</strong></span> <span class='ocrx_word' id='word_1_334' title='bbox 2511 2865 2657 2935; x_wconf 82' lang='lat' dir='ltr'><strong>Quis</strong></span> <span class='ocrx_word' id='word_1_335' title='bbox 2689 2866 2850 2926; x_wconf 90' lang='lat' dir='ltr'><strong>enim</strong></span> <span class='ocrx_word' id='word_1_336' title='bbox 2881 2868 3160 2942; x_wconf 87' lang='lat' dir='ltr'><strong>portatur</strong></span> 
     </span>
     <span class='ocr_line' id='line_1_30' title="bbox 538 2951 3156 3031; baseline 0.002 -23"><span class='ocrx_word' id='word_1_337' title='bbox 538 2952 601 3009; x_wconf 89' lang='lat' dir='ltr'><strong>in</strong></span> <span class='ocrx_word' id='word_1_338' title='bbox 646 2951 923 3010; x_wconf 88' lang='lat' dir='ltr'><strong>manibus</strong></span> <span class='ocrx_word' id='word_1_339' title='bbox 970 2951 1139 3010; x_wconf 77' lang='lat' dir='ltr'><strong>suis?</strong></span> <span class='ocrx_word' id='word_1_340' title='bbox 1188 2952 1462 3012; x_wconf 78' lang='lat' dir='ltr'><strong>Manibus</strong></span> <span class='ocrx_word' id='word_1_341' title='bbox 1493 2953 1748 3012; x_wconf 90' lang='lat' dir='ltr'><strong>aliorum</strong></span> <span class='ocrx_word' id='word_1_342' title='bbox 1779 2955 1978 3030; x_wconf 83' lang='lat' dir='ltr'><strong>potest</strong></span> <span class='ocrx_word' id='word_1_343' title='bbox 2007 2956 2233 3031; x_wconf 81' lang='lat' dir='ltr'><strong>portari</strong></span> <span class='ocrx_word' id='word_1_344' title='bbox 2263 2956 2454 3027; x_wconf 93' lang='lat' dir='ltr'><strong>homo,</strong></span> <span class='ocrx_word' id='word_1_345' title='bbox 2486 2955 2765 3015; x_wconf 91' lang='lat' dir='ltr'><strong>manibus</strong></span> <span class='ocrx_word' id='word_1_346' title='bbox 2811 2956 2937 3015; x_wconf 88' lang='lat' dir='ltr'><strong>suis</strong></span> <span class='ocrx_word' id='word_1_347' title='bbox 2981 2974 3156 3015; x_wconf 90' lang='lat' dir='ltr'><strong>nemo</strong></span> 
     </span>
     <span class='ocr_line' id='line_1_31' title="bbox 536 3039 3158 3119; baseline 0.002 -22"><span class='ocrx_word' id='word_1_348' title='bbox 536 3043 825 3114; x_wconf 86' lang='lat' dir='ltr'><strong>portatur.</strong></span> <span class='ocrx_word' id='word_1_349' title='bbox 891 3039 1193 3109; x_wconf 85' lang='lat' dir='ltr'><strong>Quomodo</strong></span> <span class='ocrx_word' id='word_1_350' title='bbox 1232 3040 1614 3119; x_wconf 84' lang='lat' dir='ltr'><strong>intelligatur</strong></span> <span class='ocrx_word' id='word_1_351' title='bbox 1657 3043 1722 3101; x_wconf 93' lang='lat' dir='ltr'><strong>in</strong></span> <span class='ocrx_word' id='word_1_352' title='bbox 1766 3043 1894 3119; x_wconf 88' lang='lat' dir='ltr'><strong>ipso</strong></span> <span class='ocrx_word' id='word_1_353' title='bbox 1927 3044 2114 3103; x_wconf 91' lang='lat' dir='ltr'><strong>David</strong></span> <span class='ocrx_word' id='word_1_354' title='bbox 2147 3046 2472 3104; x_wconf 89' lang='lat' dir='ltr'><strong>secundum</strong></span> <span class='ocrx_word' id='word_1_355' title='bbox 2505 3045 2739 3104; x_wconf 89' lang='lat' dir='ltr'><strong>literam</strong></span> <span class='ocrx_word' id='word_1_356' title='bbox 2771 3063 2893 3105; x_wconf 90' lang='lat' dir='ltr'><strong>non</strong></span> <span class='ocrx_word' id='word_1_357' title='bbox 2924 3044 3158 3105; x_wconf 83' lang='lat' dir='ltr'><strong>inveni-</strong></span> 
     </span>
     <span class='ocr_line' id='line_1_32' title="bbox 536 3128 3154 3200; baseline 0.002 -14"><span class='ocrx_word' id='word_1_358' title='bbox 536 3146 689 3198; x_wconf 91' lang='lat' dir='ltr'><strong>mus,</strong></span> <span class='ocrx_word' id='word_1_359' title='bbox 741 3128 806 3186; x_wconf 92' lang='lat' dir='ltr'><strong>in</strong></span> <span class='ocrx_word' id='word_1_360' title='bbox 838 3128 1069 3187; x_wconf 87' lang='lat' dir='ltr'><strong>Christo</strong></span> <span class='ocrx_word' id='word_1_361' title='bbox 1101 3133 1303 3189; x_wconf 78' lang='lat' dir='ltr'><strong>autem</strong></span> <span class='ocrx_word' id='word_1_362' title='bbox 1333 3130 1691 3190; x_wconf 78' lang='lat' dir='ltr'><strong>invenimus.</strong></span> <span class='ocrx_word' id='word_1_363' title='bbox 1753 3132 2079 3192; x_wconf 87' lang='lat' dir='ltr'><strong>Ferebatur</strong></span> <span class='ocrx_word' id='word_1_364' title='bbox 2109 3134 2268 3192; x_wconf 89' lang='lat' dir='ltr'><strong>enim</strong></span> <span class='ocrx_word' id='word_1_365' title='bbox 2299 3134 2570 3193; x_wconf 88' lang='lat' dir='ltr'><strong>Christus</strong></span> <span class='ocrx_word' id='word_1_366' title='bbox 2602 3135 2667 3193; x_wconf 93' lang='lat' dir='ltr'><strong>in</strong></span> <span class='ocrx_word' id='word_1_367' title='bbox 2698 3135 2975 3194; x_wconf 90' lang='lat' dir='ltr'><strong>manibus</strong></span> <span class='ocrx_word' id='word_1_368' title='bbox 3009 3136 3154 3200; x_wconf 88' lang='lat' dir='ltr'><strong>suis,</strong></span> 
     </span>
     <span class='ocr_line' id='line_1_33' title="bbox 535 3216 3154 3305; baseline 0.005 -31"><span class='ocrx_word' id='word_1_369' title='bbox 535 3216 773 3293; x_wconf 87' lang='lat' dir='ltr'><strong>quando</strong></span> <span class='ocrx_word' id='word_1_370' title='bbox 805 3218 1222 3277; x_wconf 87' lang='lat' dir='ltr'><strong>commendans</strong></span> <span class='ocrx_word' id='word_1_371' title='bbox 1252 3218 1448 3294; x_wconf 87' lang='lat' dir='ltr'><strong>ipsum</strong></span> <span class='ocrx_word' id='word_1_372' title='bbox 1479 3238 1694 3297; x_wconf 88' lang='lat' dir='ltr'><strong>corpus</strong></span> <span class='ocrx_word' id='word_1_373' title='bbox 1727 3240 1905 3280; x_wconf 90' lang='lat' dir='ltr'><strong>suum</strong></span> <span class='ocrx_word' id='word_1_374' title='bbox 1938 3223 2053 3281; x_wconf 89' lang='lat' dir='ltr'><strong>ait:</strong></span> <span class='ocrx_word' id='word_1_375' title='bbox 2087 3224 2213 3282; x_wconf 82' lang='lat' dir='ltr'><strong>Hoc</strong></span> <span class='ocrx_word' id='word_1_376' title='bbox 2243 3231 2323 3282; x_wconf 76' lang='lat' dir='ltr'><strong>eat</strong></span> <span class='ocrx_word' id='word_1_377' title='bbox 2352 3241 2563 3297; x_wconf 79' lang='lat' dir='ltr'><strong>corpus</strong></span> <span class='ocrx_word' id='word_1_378' title='bbox 2592 3242 2780 3282; x_wconf 84' lang='lat' dir='ltr'><strong>meum</strong></span> <span class='ocrx_word' id='word_1_379' title='bbox 2798 3219 3030 3305; x_wconf 88' lang='lat' dir='ltr'><strong>(Matth.</strong></span> <span class='ocrx_word' id='word_1_380' title='bbox 3056 3231 3154 3294; x_wconf 81' lang='lat'><strong>26,</strong></span> 
     </span>
     <span class='ocr_line' id='line_1_34' title="bbox 538 3306 3156 3386; baseline 0.003 -19"><span class='ocrx_word' id='word_1_381' title='bbox 538 3307 667 3386; x_wconf 88' lang='grc'>26).</span> <span class='ocrx_word' id='word_1_382' title='bbox 713 3306 963 3366; x_wconf 84' lang='lat' dir='ltr'><strong>Ferebat</strong></span> <span class='ocrx_word' id='word_1_383' title='bbox 992 3307 1149 3365; x_wconf 90' lang='lat' dir='ltr'><strong>enim</strong></span> <span class='ocrx_word' id='word_1_384' title='bbox 1181 3307 1332 3367; x_wconf 92' lang='lat' dir='ltr'><strong>illud</strong></span> <span class='ocrx_word' id='word_1_385' title='bbox 1365 3328 1576 3385; x_wconf 89' lang='lat' dir='ltr'><strong>corpus</strong></span> <span class='ocrx_word' id='word_1_386' title='bbox 1606 3311 1672 3368; x_wconf 91' lang='lat' dir='ltr'><strong>in</strong></span> <span class='ocrx_word' id='word_1_387' title='bbox 1702 3311 1980 3370; x_wconf 86' lang='lat' dir='ltr'><strong>manibus</strong></span> <span class='ocrx_word' id='word_1_388' title='bbox 2014 3312 2199 3372; x_wconf 78' lang='lat' dir='ltr'><strong>suis.‘</strong></span> <span class='ocrx_word' id='word_1_389' title='bbox 2259 3312 2486 3373; x_wconf 90' lang='lat' dir='ltr'><strong>Similia</strong></span> <span class='ocrx_word' id='word_1_390' title='bbox 2517 3313 2698 3372; x_wconf 89' lang='lat' dir='ltr'><strong>habet</strong></span> <span class='ocrx_word' id='word_1_391' title='bbox 2727 3331 2901 3375; x_wconf 90' lang='lat' dir='ltr'><strong>serm.</strong></span> <span class='ocrx_word' id='word_1_392' title='bbox 2936 3321 2970 3374; x_wconf 87' lang='grc'>2</span> <span class='ocrx_word' id='word_1_393' title='bbox 3005 3332 3063 3376; x_wconf 85' lang='lat' dir='ltr'><strong>n.</strong></span> <span class='ocrx_word' id='word_1_394' title='bbox 3099 3322 3156 3375; x_wconf 86' lang='lat'><strong>2.</strong></span> 
     </span>
     <span class='ocr_line' id='line_1_35' title="bbox 537 3394 3157 3474; baseline 0.003 -23"><span class='ocrx_word' id='word_1_395' title='bbox 537 3394 622 3452; x_wconf 92' lang='lat' dir='ltr'><strong>De</strong></span> <span class='ocrx_word' id='word_1_396' title='bbox 653 3412 774 3468; x_wconf 91' lang='lat' dir='ltr'><strong>quo</strong></span> <span class='ocrx_word' id='word_1_397' title='bbox 805 3396 1149 3456; x_wconf 89' lang='lat' dir='ltr'><strong>testimonio</strong></span> <span class='ocrx_word' id='word_1_398' title='bbox 1180 3398 1310 3457; x_wconf 90' lang='lat' dir='ltr'><strong>fuse</strong></span> <span class='ocrx_word' id='word_1_399' title='bbox 1340 3397 1612 3474; x_wconf 87' lang='lat' dir='ltr'><strong>disputat</strong></span> <span class='ocrx_word' id='word_1_400' title='bbox 1641 3399 2168 3460; x_wconf 82' lang='lat' dir='ltr'><strong>Guitmundus</strong></span> <span class='ocrx_word' id='word_1_401' title='bbox 2201 3402 2307 3473; x_wconf 90' lang='lat'><strong>111,</strong></span> <span class='ocrx_word' id='word_1_402' title='bbox 2345 3410 2400 3464; x_wconf 88' lang='lat'><strong>2.</strong></span> <span class='ocrx_word' id='word_1_403' title='bbox 2465 3402 2590 3461; x_wconf 90' lang='lat' dir='ltr'><strong>Hoc</strong></span> <span class='ocrx_word' id='word_1_404' title='bbox 2620 3402 2772 3461; x_wconf 87' lang='lat' dir='ltr'><strong>forte</strong></span> <span class='ocrx_word' id='word_1_405' title='bbox 2803 3402 3157 3460; x_wconf 89' lang='lat' dir='ltr'><strong>miraculum</strong></span> 
     </span>
     <span class='ocr_line' id='line_1_36' title="bbox 540 3483 3157 3567; baseline 0.003 -27"><span class='ocrx_word' id='word_1_406' title='bbox 540 3483 810 3542; x_wconf 89' lang='lat' dir='ltr'><strong>insinuat</strong></span> <span class='ocrx_word' id='word_1_407' title='bbox 839 3484 1035 3562; x_wconf 88' lang='lat' dir='ltr'><strong>imago</strong></span> <span class='ocrx_word' id='word_1_408' title='bbox 1066 3486 1247 3562; x_wconf 90' lang='lat' dir='ltr'><strong>piscis</strong></span> <span class='ocrx_word' id='word_1_409' title='bbox 1279 3488 1578 3562; x_wconf 82' lang='lat' dir='ltr'><strong>portantis</strong></span> <span class='ocrx_word' id='word_1_410' title='bbox 1611 3506 1793 3564; x_wconf 86' lang='lat' dir='ltr'><strong>super</strong></span> <span class='ocrx_word' id='word_1_411' title='bbox 1822 3490 2070 3548; x_wconf 90' lang='lat' dir='ltr'><strong>dorsum</strong></span> <span class='ocrx_word' id='word_1_412' title='bbox 2100 3509 2308 3567; x_wconf 90' lang='lat' dir='ltr'><strong>panem</strong></span> <span class='ocrx_word' id='word_1_413' title='bbox 2342 3493 2404 3549; x_wconf 91' lang='lat' dir='ltr'><strong>et</strong></span> <span class='ocrx_word' id='word_1_414' title='bbox 2433 3491 2659 3563; x_wconf 85' lang='lat' dir='ltr'><strong>vinum,</strong></span> <span class='ocrx_word' id='word_1_415' title='bbox 2706 3509 2858 3566; x_wconf 88' lang='lat' dir='ltr'><strong>quae</strong></span> <span class='ocrx_word' id='word_1_416' title='bbox 2901 3490 2966 3549; x_wconf 93' lang='lat' dir='ltr'><strong>in</strong></span> <span class='ocrx_word' id='word_1_417' title='bbox 2998 3494 3157 3549; x_wconf 87' lang='lat' dir='ltr'><strong>cata-</strong></span> 
     </span>
     <span class='ocr_line' id='line_1_37' title="bbox 536 3571 3156 3656; baseline 0.002 -25"><span class='ocrx_word' id='word_1_418' title='bbox 536 3571 772 3632; x_wconf 89' lang='lat' dir='ltr'><strong>cumbis</strong></span> <span class='ocrx_word' id='word_1_419' title='bbox 803 3575 1117 3649; x_wconf 88' lang='lat' dir='ltr'><strong>reperitur.</strong></span> <span class='ocrx_word' id='word_1_420' title='bbox 1180 3576 1303 3635; x_wconf 85' lang='lat' dir='ltr'><strong>Nec</strong></span> <span class='ocrx_word' id='word_1_421' title='bbox 1346 3578 1775 3653; x_wconf 87' lang='lat' dir='ltr'><strong>praetereunda</strong></span> <span class='ocrx_word' id='word_1_422' title='bbox 1821 3582 1967 3637; x_wconf 88' lang='lat' dir='ltr'><strong>sunt</strong></span> <span class='ocrx_word' id='word_1_423' title='bbox 2013 3578 2468 3656; x_wconf 83' lang='lat' dir='ltr'><strong>Hieronymi</strong></span> <span class='ocrx_word' id='word_1_424' title='bbox 2514 3580 2693 3639; x_wconf 84' lang='lat' dir='ltr'><strong>verba</strong></span> <span class='ocrx_word' id='word_1_425' title='bbox 2735 3600 2826 3656; x_wconf 93' lang='lat' dir='ltr'><strong>ep.</strong></span> <span class='ocrx_word' id='word_1_426' title='bbox 2867 3579 2943 3638; x_wconf 85' lang='lat' dir='ltr'><strong>ad</strong></span> <span class='ocrx_word' id='word_1_427' title='bbox 2974 3579 3156 3638; x_wconf 87' lang='lat' dir='ltr'><strong>Hedi-</strong></span> 
     </span>
     <span class='ocr_line' id='line_1_38' title="bbox 536 3661 3154 3744; baseline 0.003 -25"><span class='ocrx_word' id='word_1_428' title='bbox 536 3661 697 3720; x_wconf 88' lang='lat' dir='ltr'><strong>biam</strong></span> <span class='ocrx_word' id='word_1_429' title='bbox 738 3671 857 3726; x_wconf 86' lang='lat'><strong>120</strong></span> <span class='ocrx_word' id='word_1_430' title='bbox 892 3683 949 3739; x_wconf 90' lang='lat' dir='ltr'><strong>q.</strong></span> <span class='ocrx_word' id='word_1_431' title='bbox 986 3672 1054 3726; x_wconf 90' lang='lat'><strong>2:</strong></span> <span class='ocrx_word' id='word_1_432' title='bbox 1105 3663 1270 3732; x_wconf 81' lang='lat' dir='ltr'><strong>,Nec</strong></span> <span class='ocrx_word' id='word_1_433' title='bbox 1315 3665 1546 3741; x_wconf 83' lang='lat' dir='ltr'><strong>Moyses</strong></span> <span class='ocrx_word' id='word_1_434' title='bbox 1579 3666 1744 3725; x_wconf 86' lang='lat' dir='ltr'><strong>dedit</strong></span> <span class='ocrx_word' id='word_1_435' title='bbox 1773 3667 1949 3726; x_wconf 91' lang='lat' dir='ltr'><strong>nobis</strong></span> <span class='ocrx_word' id='word_1_436' title='bbox 1980 3687 2194 3744; x_wconf 88' lang='lat' dir='ltr'><strong>panem</strong></span> <span class='ocrx_word' id='word_1_437' title='bbox 2223 3688 2450 3740; x_wconf 86' lang='lat' dir='ltr'><strong>verum,</strong></span> <span class='ocrx_word' id='word_1_438' title='bbox 2500 3669 2601 3728; x_wconf 90' lang='lat' dir='ltr'><strong>sed</strong></span> <span class='ocrx_word' id='word_1_439' title='bbox 2633 3669 2925 3728; x_wconf 87' lang='lat' dir='ltr'><strong>Dominus</strong></span> <span class='ocrx_word' id='word_1_440' title='bbox 2957 3668 3154 3739; x_wconf 86' lang='lat' dir='ltr'><strong>Jesus,</strong></span> 
     </span>
     <span class='ocr_line' id='line_1_39' title="bbox 536 3751 3157 3833; baseline 0.003 -25"><span class='ocrx_word' id='word_1_441' title='bbox 536 3751 663 3827; x_wconf 90' lang='lat' dir='ltr'><strong>ipse</strong></span> <span class='ocrx_word' id='word_1_442' title='bbox 696 3752 944 3812; x_wconf 85' lang='lat' dir='ltr'><strong>conviva</strong></span> <span class='ocrx_word' id='word_1_443' title='bbox 974 3756 1035 3812; x_wconf 88' lang='lat' dir='ltr'><strong>et</strong></span> <span class='ocrx_word' id='word_1_444' title='bbox 1074 3754 1430 3826; x_wconf 85' lang='lat' dir='ltr'><strong>convivium,</strong></span> <span class='ocrx_word' id='word_1_445' title='bbox 1477 3756 1604 3830; x_wconf 91' lang='lat' dir='ltr'><strong>ipse</strong></span> <span class='ocrx_word' id='word_1_446' title='bbox 1649 3756 1961 3815; x_wconf 89' lang='lat' dir='ltr'><strong>comedens</strong></span> <span class='ocrx_word' id='word_1_447' title='bbox 2008 3760 2069 3816; x_wconf 88' lang='lat' dir='ltr'><strong>et</strong></span> <span class='ocrx_word' id='word_1_448' title='bbox 2113 3758 2220 3833; x_wconf 91' lang='lat' dir='ltr'><strong>qui</strong></span> <span class='ocrx_word' id='word_1_449' title='bbox 2264 3758 2608 3820; x_wconf 90' lang='lat' dir='ltr'><strong>comeditur.</strong></span> <span class='ocrx_word' id='word_1_450' title='bbox 2673 3759 2846 3817; x_wconf 87' lang='lat' dir='ltr'><strong>Illius</strong></span> <span class='ocrx_word' id='word_1_451' title='bbox 2890 3757 3157 3816; x_wconf 91' lang='lat' dir='ltr'><strong>bibimus</strong></span> 
     </span>
     <span class='ocr_line' id='line_1_40' title="bbox 534 3841 3157 3923; baseline 0.003 -25"><span class='ocrx_word' id='word_1_452' title='bbox 534 3841 885 3917; x_wconf 86' lang='lat' dir='ltr'><strong>sanguinem</strong></span> <span class='ocrx_word' id='word_1_453' title='bbox 930 3846 992 3900; x_wconf 89' lang='lat' dir='ltr'><strong>et</strong></span> <span class='ocrx_word' id='word_1_454' title='bbox 1036 3843 1165 3902; x_wconf 90' lang='lat' dir='ltr'><strong>sine</strong></span> <span class='ocrx_word' id='word_1_455' title='bbox 1198 3844 1326 3919; x_wconf 86' lang='lat' dir='ltr'><strong>ipso</strong></span> <span class='ocrx_word' id='word_1_456' title='bbox 1359 3847 1565 3920; x_wconf 89' lang='lat' dir='ltr'><strong>potare</strong></span> <span class='ocrx_word' id='word_1_457' title='bbox 1596 3863 1715 3903; x_wconf 92' lang='lat' dir='ltr'><strong>non</strong></span> <span class='ocrx_word' id='word_1_458' title='bbox 1746 3863 2071 3920; x_wconf 87' lang='lat' dir='ltr'><strong>possumus</strong></span> <span class='ocrx_word' id='word_1_459' title='bbox 2104 3850 2167 3906; x_wconf 89' lang='lat' dir='ltr'><strong>et</strong></span> <span class='ocrx_word' id='word_1_460' title='bbox 2196 3847 2464 3923; x_wconf 90' lang='lat' dir='ltr'><strong>quotidie</strong></span> <span class='ocrx_word' id='word_1_461' title='bbox 2495 3849 2559 3906; x_wconf 90' lang='lat' dir='ltr'><strong>in</strong></span> <span class='ocrx_word' id='word_1_462' title='bbox 2591 3847 2894 3906; x_wconf 88' lang='lat' dir='ltr'><strong>sacrificiis</strong></span> <span class='ocrx_word' id='word_1_463' title='bbox 2924 3848 3054 3922; x_wconf 89' lang='lat' dir='ltr'><strong>ejus</strong></span> <span class='ocrx_word' id='word_1_464' title='bbox 3084 3847 3157 3905; x_wconf 91' lang='lat' dir='ltr'><strong>de</strong></span> 
     </span>
     <span class='ocr_line' id='line_1_41' title="bbox 535 3930 3159 4013; baseline 0.003 -26"><span class='ocrx_word' id='word_1_465' title='bbox 535 3930 837 4006; x_wconf 85' lang='lat' dir='ltr'><strong>genimine</strong></span> <span class='ocrx_word' id='word_1_466' title='bbox 889 3931 1031 3990; x_wconf 91' lang='lat' dir='ltr'><strong>vitis</strong></span> <span class='ocrx_word' id='word_1_467' title='bbox 1082 3950 1252 3991; x_wconf 87' lang='lat' dir='ltr'><strong>verae</strong></span> <span class='ocrx_word' id='word_1_468' title='bbox 1306 3932 1585 3991; x_wconf 90' lang='lat' dir='ltr'><strong>rubentia</strong></span> <span class='ocrx_word' id='word_1_469' title='bbox 1638 3936 1842 3993; x_wconf 85' lang='lat' dir='ltr'><strong>musta</strong></span> <span class='ocrx_word' id='word_1_470' title='bbox 1889 3935 2243 3996; x_wconf 78' lang='lat' dir='ltr'><strong>calcamus.‘</strong></span> <span class='ocrx_word' id='word_1_471' title='bbox 2295 3969 2382 3980; x_wconf 89' lang='lat'><strong>—-</strong></span> <span class='ocrx_word' id='word_1_472' title='bbox 2433 3937 2472 3995; x_wconf 88' lang='lat' dir='ltr'><strong>J</strong></span> <span class='ocrx_word' id='word_1_473' title='bbox 2487 3936 2770 3996; x_wconf 90' lang='lat' dir='ltr'><strong>acobus</strong></span> <span class='ocrx_word' id='word_1_474' title='bbox 2819 3935 3159 4013; x_wconf 87' lang='lat' dir='ltr'><strong>sarugensis</strong></span> 
     </span>
     <span class='ocr_line' id='line_1_42' title="bbox 539 4013 3159 4101; baseline 0.001 -20"><span class='ocrx_word' id='word_1_475' title='bbox 539 4013 597 4099; x_wconf 87' lang='lat'><strong>(†</strong></span> <span class='ocrx_word' id='word_1_476' title='bbox 633 4023 785 4094; x_wconf 87' lang='grc'>521)</span> <span class='ocrx_word' id='word_1_477' title='bbox 830 4019 892 4077; x_wconf 88' lang='lat' dir='ltr'><strong>in</strong></span> <span class='ocrx_word' id='word_1_478' title='bbox 926 4020 1080 4083; x_wconf 89' lang='lat' dir='ltr'><strong>hom.</strong></span> <span class='ocrx_word' id='word_1_479' title='bbox 1113 4021 1176 4078; x_wconf 91' lang='lat' dir='ltr'><strong>in</strong></span> <span class='ocrx_word' id='word_1_480' title='bbox 1206 4020 1476 4080; x_wconf 85' lang='lat' dir='ltr'><strong>velamen</strong></span> <span class='ocrx_word' id='word_1_481' title='bbox 1508 4040 1689 4098; x_wconf 90' lang='lat' dir='ltr'><strong>supra</strong></span> <span class='ocrx_word' id='word_1_482' title='bbox 1719 4022 1930 4083; x_wconf 87' lang='lat' dir='ltr'><strong>faciem</strong></span> <span class='ocrx_word' id='word_1_483' title='bbox 1960 4024 2214 4101; x_wconf 81' lang='lat' dir='ltr'><strong>Moysis:</strong></span> <span class='ocrx_word' id='word_1_484' title='bbox 2265 4024 2378 4093; x_wconf 81' lang='lat' dir='ltr'><strong>,In</strong></span> <span class='ocrx_word' id='word_1_485' title='bbox 2423 4044 2680 4101; x_wconf 90' lang='lat' dir='ltr'><strong>quonam</strong></span> <span class='ocrx_word' id='word_1_486' title='bbox 2725 4025 2878 4084; x_wconf 87' lang='lat' dir='ltr'><strong>festo</strong></span> <span class='ocrx_word' id='word_1_487' title='bbox 2923 4027 3159 4101; x_wconf 88' lang='lat' dir='ltr'><strong>praeter</strong></span> 
     </span>
     <span class='ocr_line' id='line_1_43' title="bbox 536 4108 3157 4190; baseline 0.003 -25"><span class='ocrx_word' id='word_1_488' title='bbox 536 4108 645 4165; x_wconf 92' lang='lat' dir='ltr'><strong>hoc</strong></span> <span class='ocrx_word' id='word_1_489' title='bbox 676 4108 884 4167; x_wconf 89' lang='lat' dir='ltr'><strong>datum</strong></span> <span class='ocrx_word' id='word_1_490' title='bbox 916 4109 1035 4168; x_wconf 88' lang='lat' dir='ltr'><strong>fuit</strong></span> <span class='ocrx_word' id='word_1_491' title='bbox 1064 4109 1423 4181; x_wconf 85' lang='lat' dir='ltr'><strong>convivium,</strong></span> <span class='ocrx_word' id='word_1_492' title='bbox 1455 4111 1521 4169; x_wconf 91' lang='lat' dir='ltr'><strong>in</strong></span> <span class='ocrx_word' id='word_1_493' title='bbox 1553 4130 1671 4186; x_wconf 91' lang='lat' dir='ltr'><strong>quo</strong></span> <span class='ocrx_word' id='word_1_494' title='bbox 1704 4113 1968 4172; x_wconf 88' lang='lat' dir='ltr'><strong>convivis</strong></span> <span class='ocrx_word' id='word_1_495' title='bbox 1999 4115 2170 4190; x_wconf 89' lang='lat' dir='ltr'><strong>panis</strong></span> <span class='ocrx_word' id='word_1_496' title='bbox 2191 4115 2319 4173; x_wconf 88' lang='lat' dir='ltr'><strong>loco</strong></span> <span class='ocrx_word' id='word_1_497' title='bbox 2337 4113 2523 4172; x_wconf 88' lang='lat' dir='ltr'><strong>fuerit</strong></span> <span class='ocrx_word' id='word_1_498' title='bbox 2541 4114 2933 4173; x_wconf 86' lang='lat' dir='ltr'><strong>distributum</strong></span> <span class='ocrx_word' id='word_1_499' title='bbox 2953 4114 3157 4190; x_wconf 87' lang='lat' dir='ltr'><strong>sponsi</strong></span> 
     </span>
     <span class='ocr_line' id='line_1_44' title="bbox 535 4195 3155 4283; baseline 0.004 -30"><span class='ocrx_word' id='word_1_500' title='bbox 535 4200 794 4270; x_wconf 79' lang='lat' dir='ltr'><strong>corpus?</strong></span> <span class='ocrx_word' id='word_1_501' title='bbox 827 4241 839 4253; x_wconf 91' lang='lat'><strong>.</strong></span> <span class='ocrx_word' id='word_1_502' title='bbox 874 4243 886 4255; x_wconf 93' lang='lat'><strong>.</strong></span> <span class='ocrx_word' id='word_1_503' title='bbox 922 4244 935 4258; x_wconf 91' lang='lat'><strong>.</strong></span> <span class='ocrx_word' id='word_1_504' title='bbox 982 4200 1255 4258; x_wconf 87' lang='lat' dir='ltr'><strong>Mortuus</strong></span> <span class='ocrx_word' id='word_1_505' title='bbox 1287 4203 1381 4257; x_wconf 90' lang='lat' dir='ltr'><strong>est</strong></span> <span class='ocrx_word' id='word_1_506' title='bbox 1426 4195 1710 4278; x_wconf 88' lang='lat' dir='ltr'><strong>(sponsus</strong></span> <span class='ocrx_word' id='word_1_507' title='bbox 1742 4202 2059 4283; x_wconf 88' lang='lat' dir='ltr'><strong>Ecclesiae)</strong></span> <span class='ocrx_word' id='word_1_508' title='bbox 2105 4204 2171 4262; x_wconf 90' lang='lat' dir='ltr'><strong>in</strong></span> <span class='ocrx_word' id='word_1_509' title='bbox 2215 4221 2385 4262; x_wconf 90' lang='lat' dir='ltr'><strong>cruce</strong></span> <span class='ocrx_word' id='word_1_510' title='bbox 2429 4206 2493 4262; x_wconf 89' lang='lat' dir='ltr'><strong>et</strong></span> <span class='ocrx_word' id='word_1_511' title='bbox 2535 4205 2824 4281; x_wconf 86' lang='lat' dir='ltr'><strong>gloriosae</strong></span> <span class='ocrx_word' id='word_1_512' title='bbox 2857 4201 3155 4283; x_wconf 87' lang='lat' dir='ltr'><strong>(sponsae)</strong></span> 
     </span>
     <span class='ocr_line' id='line_1_45' title="bbox 535 4285 3157 4368; baseline 0.003 -27"><span class='ocrx_word' id='word_1_513' title='bbox 535 4285 781 4343; x_wconf 87' lang='lat' dir='ltr'><strong>donavit</strong></span> <span class='ocrx_word' id='word_1_514' title='bbox 812 4303 988 4345; x_wconf 89' lang='lat' dir='ltr'><strong>suum</strong></span> <span class='ocrx_word' id='word_1_515' title='bbox 1020 4305 1251 4363; x_wconf 88' lang='lat' dir='ltr'><strong>corpus.</strong></span> <span class='ocrx_word' id='word_1_516' title='bbox 1313 4287 1460 4346; x_wconf 83' lang='lat' dir='ltr'><strong>Ecce</strong></span> <span class='ocrx_word' id='word_1_517' title='bbox 1493 4288 1624 4365; x_wconf 90' lang='lat' dir='ltr'><strong>ipsa</strong></span> <span class='ocrx_word' id='word_1_518' title='bbox 1654 4289 1810 4349; x_wconf 91' lang='lat' dir='ltr'><strong>illud</strong></span> <span class='ocrx_word' id='word_1_519' title='bbox 1841 4292 2061 4368; x_wconf 88' lang='lat' dir='ltr'><strong>accipit</strong></span> <span class='ocrx_word' id='word_1_520' title='bbox 2104 4295 2166 4350; x_wconf 90' lang='lat' dir='ltr'><strong>et</strong></span> <span class='ocrx_word' id='word_1_521' title='bbox 2207 4292 2273 4350; x_wconf 89' lang='lat' dir='ltr'><strong>in</strong></span> <span class='ocrx_word' id='word_1_522' title='bbox 2316 4294 2446 4368; x_wconf 90' lang='lat' dir='ltr'><strong>ejus</strong></span> <span class='ocrx_word' id='word_1_523' title='bbox 2484 4311 2691 4353; x_wconf 90' lang='lat' dir='ltr'><strong>mensa</strong></span> <span class='ocrx_word' id='word_1_524' title='bbox 2720 4292 2975 4353; x_wconf 90' lang='lat' dir='ltr'><strong>comedit</strong></span> <span class='ocrx_word' id='word_1_525' title='bbox 3003 4292 3157 4351; x_wconf 91' lang='lat' dir='ltr'><strong>illud</strong></span> 
     </span>
     <span class='ocr_line' id='line_1_46' title="bbox 537 4373 3155 4459; baseline 0.003 -27"><span class='ocrx_word' id='word_1_526' title='bbox 537 4373 824 4448; x_wconf 83' lang='lat' dir='ltr'><strong>quotidie.</strong></span> <span class='ocrx_word' id='word_1_527' title='bbox 858 4375 943 4433; x_wconf 79' lang='lat' dir='ltr'><strong>Ex</strong></span> <span class='ocrx_word' id='word_1_528' title='bbox 962 4375 1146 4435; x_wconf 86' lang='lat' dir='ltr'><strong>latere</strong></span> <span class='ocrx_word' id='word_1_529' title='bbox 1164 4376 1368 4435; x_wconf 90' lang='lat' dir='ltr'><strong>lancea</strong></span> <span class='ocrx_word' id='word_1_530' title='bbox 1384 4377 1713 4438; x_wconf 87' lang='lat' dir='ltr'><strong>transfosso</strong></span> <span class='ocrx_word' id='word_1_531' title='bbox 1733 4380 1978 4439; x_wconf 88' lang='lat' dir='ltr'><strong>miscuit</strong></span> <span class='ocrx_word' id='word_1_532' title='bbox 2007 4381 2134 4457; x_wconf 92' lang='lat' dir='ltr'><strong>ipse</strong></span> <span class='ocrx_word' id='word_1_533' title='bbox 2159 4381 2397 4440; x_wconf 88' lang='lat' dir='ltr'><strong>calicem</strong></span> <span class='ocrx_word' id='word_1_534' title='bbox 2417 4400 2582 4441; x_wconf 88' lang='lat' dir='ltr'><strong>sacro</strong></span> <span class='ocrx_word' id='word_1_535' title='bbox 2603 4382 2896 4459; x_wconf 87' lang='lat' dir='ltr'><strong>sanguine</strong></span> <span class='ocrx_word' id='word_1_536' title='bbox 2927 4384 2990 4440; x_wconf 85' lang='lat' dir='ltr'><strong>et</strong></span> <span class='ocrx_word' id='word_1_537' title='bbox 3018 4399 3155 4457; x_wconf 88' lang='lat' dir='ltr'><strong>por·</strong></span> 
     </span>
    </p>
   </div>
   <div class='ocr_carea' id='block_1_3' title="bbox 535 4462 3158 4634">
    <p class='ocr_par' dir='ltr' id='par_1_4' title="bbox 535 4462 3158 4634">
     <span class='ocr_line' id='line_1_47' title="bbox 535 4462 3158 4547; baseline 0.003 -28"><span class='ocrx_word' id='word_1_538' title='bbox 535 4462 690 4521; x_wconf 85' lang='lat' dir='ltr'><strong>rexit</strong></span> <span class='ocrx_word' id='word_1_539' title='bbox 720 4462 913 4537; x_wconf 84' lang='lat' dir='ltr'><strong>illum,</strong></span> <span class='ocrx_word' id='word_1_540' title='bbox 961 4469 1033 4523; x_wconf 90' lang='lat' dir='ltr'><strong>ut</strong></span> <span class='ocrx_word' id='word_1_541' title='bbox 1079 4464 1214 4540; x_wconf 89' lang='lat' dir='ltr'><strong>ipsa</strong></span> <span class='ocrx_word' id='word_1_542' title='bbox 1256 4484 1391 4525; x_wconf 90' lang='lat' dir='ltr'><strong>eum</strong></span> <span class='ocrx_word' id='word_1_543' title='bbox 1422 4469 1657 4542; x_wconf 87' lang='lat' dir='ltr'><strong>potaret</strong></span> <span class='ocrx_word' id='word_1_544' title='bbox 1687 4472 1750 4527; x_wconf 90' lang='lat' dir='ltr'><strong>et</strong></span> <span class='ocrx_word' id='word_1_545' title='bbox 1781 4469 2024 4528; x_wconf 89' lang='lat' dir='ltr'><strong>deorum</strong></span> <span class='ocrx_word' id='word_1_546' title='bbox 2058 4469 2572 4533; x_wconf 78' lang='lat' dir='ltr'><strong>oblivisceretur.‘</strong></span> <span class='ocrx_word' id='word_1_547' title='bbox 2641 4470 2819 4547; x_wconf 87' lang='lat' dir='ltr'><strong>Apud</strong></span> <span class='ocrx_word' id='word_1_548' title='bbox 2850 4471 3158 4530; x_wconf 86' lang='lat' dir='ltr'><strong>Bickell</strong></span> 
     </span>
     <span class='ocr_line' id='line_1_48' title="bbox 537 4552 2172 4634; baseline 0.008 -25"><span class='ocrx_word' id='word_1_549' title='bbox 537 4552 959 4628; x_wconf 72' lang='lat' dir='ltr'><strong>Ausgewahlte</strong></span> <span class='ocrx_word' id='word_1_550' title='bbox 991 4552 1272 4612; x_wconf 84' lang='lat' dir='ltr'><strong>Gedichte</strong></span> <span class='ocrx_word' id='word_1_551' title='bbox 1303 4555 1409 4614; x_wconf 91' lang='lat' dir='ltr'><strong>der</strong></span> <span class='ocrx_word' id='word_1_552' title='bbox 1439 4574 1554 4632; x_wconf 88' lang='lat' dir='ltr'><strong>syr.</strong></span> <span class='ocrx_word' id='word_1_553' title='bbox 1590 4557 1902 4620; x_wconf 86' lang='lat' dir='ltr'><strong>Kirchenv.</strong></span> <span class='ocrx_word' id='word_1_554' title='bbox 1933 4578 1991 4634; x_wconf 92' lang='lat' dir='ltr'><strong>p.</strong></span> <span class='ocrx_word' id='word_1_555' title='bbox 2027 4569 2172 4622; x_wconf 86' lang='lat'>264.</span> 
     </span>
    </p>
   </div>
   <div class='ocr_carea' id='block_1_4' title="bbox 539 4655 3160 4850">
    <p class='ocr_par' dir='ltr' id='par_1_5' title="bbox 539 4655 3160 4850">
     <span class='ocr_line' id='line_1_49' title="bbox 717 4655 3157 4745; baseline 0 -22"><span class='ocrx_word' id='word_1_556' title='bbox 717 4659 863 4724; x_wconf 84' lang='lat'><strong>349.</strong></span> <span class='ocrx_word' id='word_1_557' title='bbox 897 4655 1453 4727; x_wconf 81' lang='lat' dir='ltr'><strong>Demonstratio</strong></span> <span class='ocrx_word' id='word_1_558' title='bbox 1485 4680 1552 4745; x_wconf 87' lang='lat' dir='ltr'><strong>p.</strong></span> <span class='ocrx_word' id='word_1_559' title='bbox 1586 4661 1688 4728; x_wconf 90' lang='lat'><strong>11.</strong></span> <span class='ocrx_word' id='word_1_560' title='bbox 1753 4660 2062 4725; x_wconf 86' lang='lat' dir='ltr'><strong>Rationes</strong></span> <span class='ocrx_word' id='word_1_561' title='bbox 2105 4661 2436 4728; x_wconf 85' lang='lat' dir='ltr'><strong>institutae</strong></span> <span class='ocrx_word' id='word_1_562' title='bbox 2467 4662 2893 4728; x_wconf 85' lang='lat' dir='ltr'><strong>eucharistiae</strong></span> <span class='ocrx_word' id='word_1_563' title='bbox 2924 4679 3157 4725; x_wconf 89' lang='lat' dir='ltr'><strong>secun-</strong></span> 
     </span>
     <span class='ocr_line' id='line_1_50' title="bbox 539 4760 3160 4850; baseline 0.003 -26"><span class='ocrx_word' id='word_1_564' title='bbox 539 4760 687 4824; x_wconf 88' lang='lat' dir='ltr'><strong>dum</strong></span> <span class='ocrx_word' id='word_1_565' title='bbox 722 4771 974 4843; x_wconf 83' lang='lat' dir='ltr'><strong>patrum</strong></span> <span class='ocrx_word' id='word_1_566' title='bbox 1009 4762 1369 4828; x_wconf 84' lang='lat' dir='ltr'><strong>doctrinam</strong></span> <span class='ocrx_word' id='word_1_567' title='bbox 1401 4774 1569 4842; x_wconf 86' lang='lat' dir='ltr'><strong>sunt,</strong></span> <span class='ocrx_word' id='word_1_568' title='bbox 1621 4768 1683 4834; x_wconf 91' lang='lat' dir='ltr'><strong>l.</strong></span> <span class='ocrx_word' id='word_1_569' title='bbox 1733 4774 1802 4831; x_wconf 86' lang='lat' dir='ltr'><strong>ut</strong></span> <span class='ocrx_word' id='word_1_570' title='bbox 1850 4768 2316 4850; x_wconf 86' lang='lat' dir='ltr'><strong>propemodum</strong></span> <span class='ocrx_word' id='word_1_571' title='bbox 2344 4770 2642 4834; x_wconf 84' lang='lat' dir='ltr'><strong>restituat</strong></span> <span class='ocrx_word' id='word_1_572' title='bbox 2672 4787 2934 4833; x_wconf 86' lang='lat' dir='ltr'><strong>carnem</strong></span> <span class='ocrx_word' id='word_1_573' title='bbox 2964 4768 3028 4832; x_wconf 90' lang='lat' dir='ltr'><strong>vi</strong></span> <span class='ocrx_word' id='word_1_574' title='bbox 3058 4769 3160 4831; x_wconf 87' lang='lat' dir='ltr'><strong>in-</strong></span> 
     </span>
    </p>
   </div>
  </div>
 </body>
</html>
