3538 5364
593 288 725 350 244
1158 278 1340 331 Tract.
1370 277 1462 330 IX.
1488 276 1559 329 de
1585 276 1973 333 sacramentis.
2001 275 2082 330 De
2110 276 2638 331 sacramentalibus.

590 461 863 543 quimur,
896 460 1012 524 sed
1042 460 1120 524 de
1151 459 1272 523 illis
1301 458 1530 522 ritibus
1559 458 1662 523 vel
1681 457 1894 533 rebuS,
1928 475 2094 539 quae
2117 457 2199 520 ab
2222 456 2505 522 Ecclesia
2537 464 2722 522 extra
2752 466 3204 522 sacramento-

591 587 734 631 rum
765 566 1386 631 administrationem
1417 565 1502 628 ad
1532 565 1674 646 pios
1704 563 1989 629 fidelium
2019 583 2172 628 usus
2206 570 2355 628 sunt
2384 564 2714 630 institutae
2758 582 3061 648 quaeque
3092 584 3213 629 usu

589 674 893 757 loquendi
923 690 1093 737 nunc
1123 679 1382 754 recepto
1414 678 1676 754 propter
1706 671 2034 754 quandam
2066 690 2213 734 cum
2244 671 2667 737 sacramentis
2687 672 3055 752 analogiam
3078 671 3203 736 fere

489 773 502 785 ’
590 781 1092 846 sacramentalia
1121 779 1433 855 dicuntur,
1468 778 1623 842 dum
1654 779 1815 843 ritus
1847 777 1936 842 illi
1968 779 2031 841 in
2064 785 2613 844 sacramentorum
2654 778 3212 843 administratione

592 888 859 952 adhibiti
888 885 1335 953 caeremoniae
1380 886 1738 966 nuncupari
1783 885 2010 949 solent.
2072 885 2315 949 Harum
2361 903 2579 949 rerum
2611 903 2954 949 sacrarum
2986 885 3094 950 vel
3128 885 3213 949 ri-

592 1001 774 1060 tuum
793 995 1016 1075 ingens
1034 999 1131 1058 est
1149 1011 1473 1067 numerus,
1495 992 1581 1056 ad
1612 1000 1682 1056 tr
1700 993 1720 1055 i
1737 991 1813 1073 pl
1830 1011 1866 1057 e
1881 1013 1924 1056 x
1956 999 2176 1057 tamen
2196 1011 2397 1073 genus
2416 992 2711 1058 revocari
2732 991 2894 1056 forte
2916 1002 3217 1073 possunt:

592 1103 675 1167 ad
707 1100 1348 1167 benedictiones
1382 1100 1472 1185 (et
1504 1118 1609 1165 res
1628 1098 2051 1185 benedictas),
2084 1099 2781 1165 consecrationes
2815 1100 2907 1185 (et
2938 1118 3045 1164 res
3064 1116 3217 1162 con-

592 1210 907 1294 secratas)
942 1213 1006 1273 et
1037 1227 1073 1273 e
1087 1228 1129 1270 x
1146 1225 1185 1270 o
1201 1227 1234 1269 r
1249 1226 1283 1270 c
1300 1207 1365 1269 is
1381 1225 1446 1269 m
1461 1225 1500 1270 o
1518 1226 1568 1283 s,
1601 1206 1834 1288 quibus
1867 1213 1930 1271 et
1950 1215 2250 1289 quartum
2270 1207 2484 1288 plures
2504 1207 2769 1283 addunt,
2791 1214 3005 1271 certas
3026 1226 3221 1289 quas-

593 1316 744 1380 dam
774 1333 1039 1397 precum
1072 1313 1099 1377 f
1109 1332 1147 1378 o
1164 1334 1196 1377 r
1210 1332 1275 1377 m
1292 1313 1425 1377 ula
1439 1334 1487 1377 s.
1521 1313 1829 1378 Differunt
1860 1318 2078 1377 autem
2099 1331 2139 1377 a
2159 1314 2582 1378 sacramentis
2604 1314 2668 1376 in
2688 1314 2909 1395 primis
2942 1334 3006 1383 a.
3038 1331 3080 1377 a
3096 1334 3137 1377 u
3154 1333 3217 1378 c-

593 1429 790 1498 tore,
824 1424 893 1490 b.
926 1420 1233 1487 effectu
1265 1420 1598 1502 principali
1631 1427 1694 1485 et
1731 1440 1794 1489 c.
1829 1420 2145 1502 operandi
2177 1418 2595 1485 efficacia.

771 1543 958 1623 Quod
990 1544 1220 1608 attinet
1251 1561 1292 1607 a
1307 1562 1349 1606 u
1363 1560 1399 1605 c
1414 1548 1440 1606 t
1456 1561 1496 1606 o
1512 1561 1544 1605 r
1560 1561 1595 1606 e
1613 1562 1695 1619 m,
1728 1549 2287 1608 sacramentorum
2309 1550 2537 1607 auctor
2556 1545 2842 1608 omnium
2875 1552 2974 1610 est
3005 1565 3037 1608 s
3051 1546 3221 1609 olus

594 1651 902 1728 ChristuS,
933 1651 1499 1715 sacramentalium
1531 1668 1684 1714 vero
1720 1648 2011 1714 Ecclesia
2027 1652 2090 1735 ¹).

772 1775 960 1855 Quod
1006 1776 1230 1840 attinet
1279 1773 1670 1840 effectum
1719 1775 1785 1842 1.
1832 1780 2081 1839 certum
2126 1782 2242 1850 est,
2287 1773 2524 1851 fideleS,
2574 1776 2961 1856 praesertim
2990 1776 3221 1857 justoS,

594 1883 1157 1947 sacramentalium
1189 1901 1311 1946 usu
1341 1882 1612 1963 gratiam
1646 1899 1897 1946 merere
1930 1880 2033 1945 vel
2064 1881 2408 1962 impetrare
2428 1900 2508 1946 ex
2529 1900 2724 1964 opere
2758 1901 2796 1946 o
2814 1902 2853 1964 p
2871 1901 2907 1947 e
2923 1902 2956 1946 r
2972 1902 3071 1947 an
3091 1890 3115 1948 t
3132 1884 3152 1946 i
3169 1903 3222 1946 s:

594 1987 957 2071 multiplicis
989 1990 1161 2053 enim
1190 1990 1440 2054 virtutis
1473 1989 1777 2054 exercitio
1800 1989 2212 2053 occasionem
2232 1988 2564 2070 praebent,
2586 1995 2781 2072 atque
2800 1990 2893 2053 ita
2909 1990 3218 2071 pietatem

595 2095 814 2160 fovent
844 2113 1197 2178 eorumque
1228 2102 1613 2178 promovent
1644 2097 1937 2161 salutem.
2000 2095 2160 2158 Hinc
2211 2102 2360 2177 apte
2410 2095 2635 2175 Hugo
2683 2114 2723 2160 a
2768 2116 2817 2159 s,
2847 2096 3109 2161 Victore
3142 2098 3227 2161 de

594 2219 760 2265 sacr.
791 2202 829 2265 l.
864 2207 906 2271 2
936 2222 993 2284 p.
1029 2208 1069 2270 9
1103 2222 1155 2266 o.
1196 2210 1227 2271 1
1282 2202 1573 2289 (Migne
1607 2208 1754 2278 176,
1789 2204 1946 2289 471)
2002 2219 2081 2266 ea
2140 2208 2334 2265 vocat
2402 2202 2692 2276 ,minora
2745 2211 3222 2270 sacramenta‘.

605 2309 707 2384 ,in
738 2308 969 2390 quibus
1001 2309 1123 2374 etsi
1152 2310 1585 2391 principaliter
1634 2310 1808 2373 salus
1852 2327 1985 2373 non
2034 2314 2306 2385 constat,
2340 2313 2558 2373 tamen
2590 2309 2766 2389 salus
2799 2327 2880 2373 ex
2911 2310 2988 2373 iis
3022 2328 3220 2390 auge-

597 2421 718 2492 tur,
751 2415 818 2479 in
849 2422 1160 2499 quantum
1191 2416 1448 2481 devotio
1481 2423 1872 2482 exercetur-st<
1942 2415 2291 2482 Praeterea
2328 2423 2548 2481 tamen

773 2543 844 2608 2.
876 2559 1016 2622 spe
1036 2541 1273 2604 cialis
1307 2541 1505 2604 virtus
1538 2540 1656 2604 illis
1689 2540 1880 2606 debet
1914 2539 2193 2604 adscribi
2233 2540 2536 2605 distincta
2566 2558 2607 2604 a
2637 2540 2873 2606 virtute
2908 2542 3220 2623 impetra-

597 2648 764 2713 toria
793 2648 895 2714 vel
926 2648 1255 2713 meritoria
1284 2646 1544 2730 propria
1569 2647 1866 2712 omnibus
1898 2647 2197 2730 precibus
2228 2647 2331 2713 vel
2362 2647 2550 2712 bonis
2582 2648 2900 2730 operibuS,
2935 2647 3220 2731 alioquin

599 2775 678 2822 ea
708 2775 840 2820 non
871 2756 1407 2836 distinguerentur
1438 2773 1478 2818 a
1508 2755 1766 2836 reliquis
1802 2754 1987 2819 bonis
2026 2755 2327 2837 operibus
2353 2757 2692 2837 justorum.

776 2884 839 2950 3.
870 2881 1047 2944 Haec
1078 2897 1232 2943 vero
1263 2879 1465 2942 virtus
1509 2879 1771 2960 propria
1820 2885 1885 2944 et
1916 2879 2287 2944 immediata
2335 2897 2453 2944 seu
2486 2879 2749 2945 effectus
2784 2899 2994 2962 neque
3026 2889 3124 2946 est
3155 2902 3219 2951 a.

598 2988 856 3051 collatio
889 2987 1130 3068 gratiae
1162 2984 1618 3049 sanctificantis
1668 3004 1748 3050 ex
1800 3004 1997 3067 opere
2051 2992 2341 3067 operam,
2392 2987 2674 3069 alioquin
2724 2987 3221 3053 sacramentalia

599 3105 816 3161 essent
845 3099 1286 3167 sacramenta3
1333 3110 1542 3174 neque
1574 3094 1644 3161 b.
1675 3092 1938 3157 collatio
1982 3092 2227 3173 gratiae
2275 3093 2545 3156 actualis
2592 3111 2670 3157 ex
2704 3113 2899 3175 opere
2932 3102 3217 3175 operato,

600 3221 747 3265 cum
778 3197 1276 3265 sacramentalia
1320 3199 1718 3281 applicentur
1763 3199 1959 3264 etiam
2005 3199 2371 3265 hominibus
2423 3220 2544 3264 usu
2574 3201 2843 3265 rationis
2877 3202 3220 3277 destitutiS,

601 3306 999 3383 animalibuS,
1031 3307 1225 3372 rebus
1256 3307 1642 3383 inanimatiS,
1673 3325 1796 3371 nec
1815 3305 2101 3372 Ecclesia
2130 3307 2339 3387 possit
2371 3307 2462 3371 ita
2494 3307 2835 3389 disponere
2869 3308 2950 3373 de
2981 3310 3217 3388 gratia·

598 3432 743 3478 rum
792 3413 1181 3495 elargitione.
1244 3413 1473 3478 Merito
1526 3420 1744 3478 tamen
1796 3414 2040 3495 sperari
2090 3419 2318 3495 potest,
2370 3414 2574 3479 Deum
2623 3414 2858 3480 intuitu
2911 3416 3220 3480 orationis

601 3521 921 3588 Ecclesiae
953 3522 1181 3588 eadem
1213 3522 1603 3587 instituentis
1646 3522 1959 3603 impertiri
2007 3523 2189 3586 varia
2237 3522 2549 3586 beneficia
2591 3529 2655 3588 et
2700 3523 2944 3604 gratiae
2978 3522 3217 3586 auxilia

600 3628 694 3706 iis,
728 3628 839 3712 qui
868 3629 971 3710 pie
1001 3629 1121 3692 illis
1154 3636 1430 3694 utantur.
1494 3628 1718 3711 Neque
1765 3649 1826 3699 c.
1873 3629 2434 3694 sacramentalium
2486 3629 2751 3694 effectus
2788 3629 3083 3711 proprius
3117 3648 3216 3692 re-

602 3736 820 3800 missio
854 3741 951 3800 est
983 3737 1228 3816 peccati
1261 3736 1569 3811 mortaliS,
1602 3754 1813 3818 neque
1860 3737 1932 3804 d.
1980 3736 2269 3813 venialiS,
2315 3735 2437 3799 nisi
2488 3736 2917 3801 mediantibus
2951 3735 3220 3810 actibus,

602 3843 686 3906 ad
717 3861 879 3924 quos
923 3842 1031 3906 illa
1075 3842 1313 3906 auxilio
1359 3843 1605 3923 gratiae
1644 3842 1892 3923 juvant,
1939 3852 2128 3925 prout
2175 3843 2364 3908 docet
2395 3864 2443 3907 s.
2475 3844 2827 3908 Thomas
2860 3850 2917 3913 3.
2950 3865 3011 3926 p.
3045 3864 3102 3928 q.
3137 3851 3217 3916 87

603 3967 658 4012 a.
693 3954 768 4017 3:
810 3948 1213 4024 ,Benedictio
1247 3951 1646 4032 episcopaliS,
1680 3951 1969 4032 aspersio
2003 3969 2214 4032 aquae
2235 3951 2632 4028 benedictae,
2654 3952 2981 4034 quaelibet
2999 3970 3222 4017 sacra-

601 4056 898 4120 mentalis
930 4057 1163 4133 uncti0,
1197 4057 1406 4122 oratio
1439 4057 1503 4120 in
1535 4058 1806 4122 ecclesia
1839 4057 2139 4123 dedicata
2190 4066 2255 4123 et
2285 4059 2339 4121 si
2373 4077 2501 4141 qua
2545 4059 2671 4123 alia
2702 4067 2855 4123 sunt
2887 4060 3223 4142 ejusmodi,

604 4169 952 4243 operantur
995 4164 1079 4226 ad
1124 4164 1568 4227 remissionem
1617 4163 1962 4229 venialium
2016 4172 2424 4246 peccatorum
2459 4217 2470 4228 .
2506 4217 2518 4228 .
2552 4216 2565 4229 .
2600 4166 2666 4231 in
2699 4173 3008 4248 quantum
3041 4166 3226 4231 incli-

606 4426 701 4480 sed
729 4427 1136 4479 sacramentale
1163 4426 1378 4481 dicitur
1403 4428 1506 4481 illa
1531 4429 1700 4493 acti0,
1730 4447 1876 4498 quae
1905 4429 2168 4498 quamvis
2196 4448 2310 4484 non
2338 4430 2622 4500 pertingit
2646 4430 2718 4484 ad
2747 4430 2908 4486 illum
2940 4431 3228 4495 effectum,

605 4509 797 4560 tamen
825 4505 1125 4560 ordinatur
1150 4507 1347 4576 aliquo
1375 4511 1543 4562 modo
1569 4508 1641 4562 ad
1670 4508 1833 4563 illam
1858 4509 2141 4563 actionem
2170 4509 2600 4581 principalem.“

827 4589 862 4657 ¹)
889 4586 1017 4655 ipsa
1043 4586 1185 4640 lotio
1213 4588 1442 4658 pedum,
1470 4588 1575 4642 etsi
1605 4589 1820 4643 Christi
1840 4590 2235 4645 commendata
2255 4592 2534 4659 exemplo,
2555 4590 2604 4644 si
2623 4590 2775 4645 inter
2790 4592 3227 4646 sacramentalia

605 4668 977 4731 recenseatur,
1006 4669 1428 4723 sacramentalis
1455 4669 1736 4724 rationem
1759 4671 1971 4724 habere
1998 4670 2230 4724 videtur
2255 4687 2322 4724 ex
2352 4670 2637 4726 Ecclesiae
2663 4670 3048 4737 institutione,
3076 4688 3227 4741 quae

605 4746 749 4800 illud
779 4745 1010 4801 virtutis
1037 4747 1369 4802 exercitium
1396 4748 1456 4802 in
1482 4750 1861 4805 reverentiam
1889 4750 2134 4820 exempli
2162 4750 2375 4805 Christi
2415 4751 2566 4804 inter
2606 4766 2793 4807 sacros
2817 4750 3036 4822 recepit
3062 4751 3227 4807 ritus.
