3538 5364
1321 248 1552 315 peccata
1579 244 2015 300 irremissibilia.
2836 254 2958 315 431

348 435 583 506 cupiens
613 433 935 490 hereditare
969 432 1423 505 benedictionem,
1473 432 1818 506 reprobatus
1862 439 1978 489 est.-
2023 450 2134 490 non
2167 434 2317 489 enim
2349 433 2561 489 invenit
2589 433 2969 506 poenitentiae

350 523 551 598 locum,
588 540 935 598 quamquam
965 539 1094 580 cum
1126 522 1400 596 lacrymis
1431 523 1756 597 inquisisset
1788 540 1932 579 eam.
2003 520 2111 579 Hic
2157 524 2360 579 textus
2405 539 2523 579 non
2568 524 2661 578 est
2705 520 2778 579 ad
2825 539 2965 590 rem,

352 630 563 671 sensus
610 610 764 668 enim
814 617 935 668 est:
982 629 1174 685 neque
1221 610 1499 686 precibus
1544 629 1738 686 neque
1772 610 2048 686 lacrymis
2080 610 2429 685 impetrasse
2464 610 2636 680 Esau,
2687 613 2759 668 ut
2806 611 2967 668 Isaac

351 700 784 760 benedictionis
817 699 1039 757 Jacobo
1072 700 1242 758 datae
1276 700 1620 774 poeniteret.
1683 699 1822 758 Ideo
1867 718 2005 758 vero
2039 700 2259 757 Paulus
2305 699 2378 757 ad
2425 699 2530 757 hoc
2576 698 2798 757 factum
2831 717 2967 774 pro·

354 794 538 860 vocat,
573 793 643 848 ut
675 793 899 848 terreat
930 792 1265 863 peccatores
1287 789 1745 864 impoenitentes
1767 792 2002 847 ostensa
2022 788 2348 847 inutilitate
2368 789 2782 863 poenitentiae,
2816 807 2967 863 quae

350 884 619 955 tempore
651 898 757 954 pro
791 878 1206 952 consequenda
1238 878 1411 936 venia
1443 879 1637 953 elapso
1671 878 2021 953 suscipitur.

532 1014 676 1067 448.
709 1001 778 1068 9.
814 1004 1057 1061 Demum
1094 1003 1376 1078 objicitur
1420 1015 1465 1063 1.
1499 1003 1670 1062 Joan.
1708 1016 1761 1075 5,
1806 1016 1915 1067 16:
1972 1002 2085 1076 Qui
2115 1007 2223 1063 scit
2248 1006 2502 1077 fratrem
2532 1022 2702 1062 suum
2731 1022 2969 1078 peccare

344 1101 641 1169 peccatum
673 1113 785 1151 non
818 1092 896 1149 ad
927 1100 1178 1169 mortem,
1221 1100 1378 1168 petat
1425 1101 1472 1150 et
1510 1094 1745 1151 dabitur
1776 1094 1827 1150 ei
1857 1096 1972 1152 vita
2003 1097 2259 1169 peccanti
2291 1114 2402 1152 non
2435 1094 2513 1151 ad
2547 1100 2798 1151 mortem.
2861 1093 2968 1151 Est

348 1190 643 1258 peccatum
675 1184 753 1239 ad
796 1188 1054 1255 mortem,
1102 1201 1214 1239 non
1240 1200 1354 1257 pro
1388 1184 1484 1240 illo
1514 1184 1641 1240 dico
1674 1188 1737 1241 ut
1767 1191 1922 1258 royet
1953 1186 2099 1260 quis.
2165 1182 2235 1240 In
2281 1182 2440 1241 hisce
2487 1182 2683 1241 verbis
2730 1183 2968 1240 nomine

342 1274 566 1346 peccati
596 1272 674 1329 ad
705 1279 941 1329 mortem
974 1290 1092 1329 non
1135 1270 1499 1347 intelligitur
1532 1276 1837 1347 peccatum
1870 1292 2015 1348 quo
2035 1272 2389 1347 dcunque
2422 1271 2778 1330 mortale:
2831 1290 2970 1328 nam

352 1367 414 1419 et
444 1364 749 1435 peccatum
781 1377 894 1417 non
923 1357 1008 1418 ad
1037 1367 1273 1418 mortem
1304 1361 1552 1420 mortale
1582 1379 1706 1420 esse
1734 1365 1950 1437 potest,
1985 1378 2116 1420 cum
2149 1362 2378 1420 intuitu
2397 1360 2682 1420 orationis
2705 1359 2969 1419 fidelium

354 1450 530 1508 detur
561 1449 830 1524 peccanti
875 1467 996 1507 non
1041 1449 1113 1507 ad
1162 1452 1412 1509 mortem
1444 1450 1597 1508 vita:
1647 1451 1925 1509 amiserat
1955 1470 2095 1527 ergo
2128 1451 2293 1509 illam
2326 1453 2564 1526 peccato
2597 1449 2711 1507 etsi
2743 1468 2863 1508 non
2895 1450 2968 1507 ad

352 1543 619 1599 mortem.
672 1537 863 1607 Quare
896 1538 1134 1597 nomine
1165 1539 1388 1613 peccati
1423 1538 1496 1598 ad
1528 1544 1779 1597 mortem
1801 1540 2165 1616 intelligitur
2195 1544 2500 1615 peccatum
2534 1538 2775 1614 aliquod
2808 1558 2967 1616 gra·

351 1629 513 1686 viss
532 1632 548 1685 i
567 1647 787 1696 mum,
822 1628 886 1685 in
917 1647 1036 1703 quo
1057 1627 1391 1687 definiendo
1413 1627 1782 1687 dissentiunt
1812 1629 1970 1687 inter
2000 1648 2061 1687 se
2093 1630 2374 1706 theologi.
2425 1629 2505 1687 De
2538 1628 2647 1687 hoc
2680 1646 2817 1686 vero
2849 1646 2967 1686 non

351 1716 683 1775 affirmatur
715 1716 1207 1775 irremissibilitas
1252 1718 1435 1775 relate
1482 1717 1554 1775 ad
1600 1718 1858 1775 clavium
1890 1721 2262 1793 potestatem,
2311 1718 2412 1776 sed
2459 1721 2695 1776 tantum
2743 1715 2898 1774 diff
2908 1717 2968 1774 i-
3023 1740 3049 1765 e

2763 1785 2926 1809 —-

352 1806 608 1865 cultas
656 1805 1064 1881 impetrandae
1109 1806 1180 1864 ab
1228 1806 1357 1864 aliis
1401 1806 1623 1883 gratiae
1655 1808 2057 1865 conversionis
2089 1807 2380 1883 peccatori
2413 1808 2551 1865 talis
2585 1805 2820 1864 sceleris
2853 1825 2969 1864 re0.

347 1876 1129 1957 ma
1164 1895 1302 1953 dist.
1328 1905 1406 1958 43
1444 1893 1534 1972 (in
1559 1891 1725 1978 fine):
1764 1896 1867 1964 ,Si
1898 1904 2186 1971 peccatum
2218 1897 2290 1955 ab
2323 1904 2558 1955 mortem
2592 1895 2970 1971 intelligatur

352 1988 659 2060 peccatum
692 1983 757 2042 in
789 1983 1079 2060 Spiritum
1112 2002 1158 2047 S.
1192 1990 1370 2060 prout
1401 1989 1709 2060 peccatum
1754 1986 1818 2043 in
1857 1984 2146 2060 Spiritum
2193 2005 2236 2044 s.
2280 1986 2535 2060 requirit
2580 1985 2812 2043 finalem
2858 1985 2967 2041 im-

353 2074 778 2149 poenitentiam
798 2074 1125 2132 secundum
1143 2093 1325 2132 unam
1344 2074 1698 2149 opinionem,
1734 2075 1818 2132 sic
1847 2075 2307 2151 intelligendum
2339 2078 2448 2145 est,
2482 2079 2552 2132 ut
2582 2074 2789 2131 nullus
2811 2076 2968 2132 oret:

355 2163 495 2237 quia
528 2163 633 2237 qui
667 2180 857 2237 usque
888 2162 961 2220 ad
995 2165 1243 2221 mortem
1277 2163 1338 2221 in
1385 2167 1620 2238 peccato
1653 2164 1896 2223 mortali
1927 2165 2229 2240 perdurat,
2276 2163 2653 2239 postmodum
2687 2162 2969 2221 orationi-

352 2252 466 2310 bus
497 2271 616 2310 non
641 2253 908 2327 juvatur.
949 2251 1020 2309 Si
1042 2255 1242 2310 autem
1263 2255 1535 2310 sumatur
1554 2260 1919 2328 pro-peccato
1952 2254 2016 2312 in
2049 2254 2338 2330 Spiritum
2370 2273 2413 2311 s.
2448 2251 2771 2310 secundum
2793 2252 2967 2309 aliam

351 2341 710 2417 opinionem,
743 2344 924 2416 prout
954 2359 1073 2399 non
1105 2341 1359 2417 requirit
1392 2342 1624 2400 finalem
1657 2342 2198 2419 impoenitentiam:
2252 2342 2337 2400 sic
2370 2340 2827 2417 intelligendum
2860 2343 2967 2410 est,

353 2436 424 2489 ut
453 2449 572 2489 non
604 2433 733 2489 oret
762 2449 871 2505 pro
905 2448 973 2487 eo
1004 2432 1132 2505 quis
1163 2430 1200 2492 i.
1234 2449 1283 2488 e.
1329 2432 1688 2507 quicunque,
1737 2432 1881 2506 quia
1923 2433 2133 2490 talium
2176 2430 2478 2490 conversio
2510 2430 2683 2505 quasi
2716 2430 2968 2487 miracu·

350 2519 478 2578 losa
507 2525 616 2581 est.
682 2519 846 2577 Unde
879 2519 1036 2577 sicut
1079 2537 1187 2594 pro
1232 2520 1513 2579 faciendis
1543 2520 1845 2579 miraculis
1876 2539 1997 2579 non
2028 2521 2283 2597 quilibet
2316 2523 2460 2589 orat,
2510 2519 2612 2578 sed
2662 2518 2862 2595 magni
2909 2522 2971 2577 et

355 2609 546 2666 sancti
577 2608 721 2666 viri:
756 2608 843 2667 ita
873 2626 979 2667 nec
1012 2627 1115 2684 pro
1134 2610 1348 2667 talium
1371 2610 1765 2668 conversione.
1798 2610 2015 2670 Tamen
2037 2610 2364 2668 secundum
2387 2610 2626 2666 formam
2653 2608 2967 2667 verborum

352 2717 471 2757 non
515 2699 985 2774 prohibetur
1032 2699 1221 2757 oratio
1266 2718 1373 2774 pro
1419 2718 1488 2758 eo
1535 2699 1690 2771 fieri3
1742 2700 1846 2758 sed
1896 2700 2235 2759 ostenditur
2280 2699 2437 2774 quod
2472 2701 2851 2774 praeceptum
2898 2698 2969 2755 de

353 2788 569 2847 orando
600 2806 705 2863 pro
740 2787 1023 2863 proximis
1044 2787 1318 2846 fidelibus
1350 2807 1469 2847 non
1501 2807 1564 2847 se
1596 2789 1863 2848 extendit
1893 2790 1966 2847 ad
1997 2790 2144 2848 tales
2164 2793 2528 2864 peccatores:
2563 2787 2706 2862 quia
2726 2790 2967 2862 propter

354 2876 448 2934 sui
481 2877 705 2951 peccati
726 2876 1140 2935 enormitatem
1174 2877 1280 2936 hoc
1313 2880 1634 2946 merentur,
1672 2882 1741 2937 ut
1773 2898 1807 2937 a
1837 2878 2114 2937 fidelibus
2134 2877 2555 2952 relinquantur
2573 2877 2726 2935 sicut
2746 2876 2970 2935 ethnici

352 2968 414 3022 et
443 2965 805 3040 publicani}
869 2965 949 3024 cf.
982 2965 1054 3024 de
1085 2966 1241 3024 malo
1275 2986 1329 3041 q.
1367 2978 1399 3029 3
1436 2986 1484 3029 a.
1528 2977 1599 3029 15
1637 2967 1708 3024 ad
1747 2978 1815 3036 33
1850 2985 2032 3043 supra
2060 2987 2118 3026 n.
2154 2968 2347 3036 44513
2393 2985 2531 3042 prae
2562 2965 2769 3040 primis
2802 2965 2967 3022 Am-

349 3053 560 3113 brosi
581 3073 696 3123 us,
729 3054 834 3129 qui
866 3055 938 3113 de
970 3055 1187 3130 poenit.
1222 3055 1259 3113 l.
1304 3068 1321 3116 1
1367 3074 1412 3118 e.
1457 3067 1528 3118 10
1566 3057 1864 3131 praeclare
1898 3057 1968 3115 de
2001 3058 2109 3117 hoc
2141 3057 2483 3115 testimonio
2515 3055 2802 3129 disputat.

533 3187 675 3240 449.
723 3175 1270 3242 Demonstratlo
1305 3195 1373 3259 p.
1410 3175 1511 3242 II.
1577 3180 1744 3249 Quod
1779 3183 1978 3256 patres
2010 3181 2245 3250 attinet,
2297 3199 2550 3256 qnorum
2582 3179 2761 3238 verba
2793 3178 2967 3253 objici
3053 3229 3063 3238 .

353 3266 563 3338 solent,
596 3267 971 3326 memineris:
1009 3264 1072 3331 l.
1106 3287 1205 3327 eos
1239 3288 1408 3344 saepe
1442 3269 1608 3344 loqui
1642 3270 1838 3328 verbis
1873 3269 2241 3344 Scripturae;
2274 3269 2523 3345 ideoque
2556 3269 2760 3328 eodem
2793 3268 2966 3326 modo

348 3374 481 3415 esse
513 3375 716 3415 eornm
751 3357 929 3415 verba
960 3358 1306 3434 explicanda
1337 3376 1403 3416 ac
1436 3359 1772 3434 Scripturae
1805 3359 2172 3427 testimonia3
2208 3358 2301 3416 vel
2333 3353 2399 3422 2.
2435 3377 2532 3416 eos
2566 3358 2843 3416 historice
2874 3376 2966 3415 re-

350 3444 502 3503 ferre
534 3445 822 3520 quaedam
855 3451 1091 3521 peccata
1121 3447 1192 3505 de
1223 3447 1377 3505 facto
1411 3466 1531 3505 non
1562 3447 1806 3518 remitti,
1840 3466 1958 3506 non
1990 3467 2059 3506 ex
2092 3447 2327 3505 defectu
2356 3447 2670 3522 potestatis
2692 3446 2965 3514 clavium,

350 3535 454 3593 sed
486 3541 727 3610 propter
758 3534 1161 3611 dispositionis
1195 3536 1508 3601 defectum,
1557 3538 1661 3611 qui
1707 3538 2061 3612 plerumque
2093 3536 2384 3611 ejusmodi
2418 3540 2653 3612 peccata
2686 3535 2966 3609 consequi

353 3622 530 3693 solet;
577 3625 671 3683 vel
709 3619 771 3690 3.
804 3643 903 3684 eos
936 3625 1248 3695 affirmare,
1297 3630 1534 3701 peccata
1565 3625 1855 3701 quaedam
1887 3645 2014 3684 esse
2046 3624 2482 3684 irremissibilia
2513 3624 2788 3682 merito
2836 3623 2872 3681 i.
2918 3643 2967 3681 e.

352 3731 424 3770 ex
468 3731 529 3770 se
575 3713 805 3771 nullam
838 3733 1064 3773 merere
1098 3715 1344 3784 veniam,
1394 3714 1555 3789 quod
1589 3714 1755 3773 nullo
1789 3718 1960 3790 pacto
1993 3714 2227 3790 possint
2259 3713 2557 3784 excusari;
2605 3731 2724 3772 non
2771 3715 2967 3769 tamen

351 3797 663 3877 propterea
680 3795 915 3880 ‘n'egant
945 3824 1013 3861 ea
1045 3793 1501 3863 misericorditer
1545 3803 1773 3861 remitti
1820 3824 1854 3861 a
1899 3804 2035 3874 Deo,
2083 3805 2255 3879 cujus
2302 3801 2706 3861 misericordia
2737 3819 2966 3858 omnem

348 3889 543 3949 vincit
573 3892 893 3951 malitiam:
929 3894 1197 3968 alioquin
1230 3897 1594 3967 sequeretur,
1619 3894 1797 3967 juxta
1825 3897 2022 3967 patres
2055 3893 2161 3951 illa
2191 3911 2384 3968 neque
2404 3891 2701 3966 baptismo
2720 3889 2967 3958 remitti,

348 3978 512 4054 quod
558 3980 930 4052 inauditum;
977 3982 1073 4039 vel
1116 3978 1181 4047 4.
1227 3986 1425 4057 patres
1470 4001 1897 4057 nonnunquam
1932 4000 2090 4040 more
2122 3982 2459 4040 oratoribus
2492 3979 2646 4038 haud
2682 3978 2967 4037 inusitato

352 4067 558 4127 veniae
589 4071 1034 4146 consequendae
1080 4090 1428 4148 exaggerare
1476 4071 1907 4142 difficultatem,
1959 4090 2076 4130 non
2127 4089 2266 4130 vero
2316 4070 2474 4128 tueri
2522 4068 2968 4143 impossibilita-

348 4154 567 4239 tem¹);
619 4158 709 4217 vel
758 4156 824 4223 5.
872 4179 969 4220 eos
1013 4161 1180 4234 loqui
1228 4161 1299 4218 ad
1349 4160 1659 4230 hominem,
1704 4160 1888 4219 dilata
1919 4160 2161 4218 interim
2193 4160 2555 4235 quaestione,
2589 4176 2706 4232 qua
2737 4157 2967 4215 ratione

351 4251 661 4320 peccatum
690 4249 752 4306 in
785 4248 1076 4324 Spiritum
1110 4269 1154 4307 a.
1187 4249 1418 4308 dicatur
1436 4249 1856 4319 irremissibile,
1891 4249 2285 4317 ostendenteS,
2321 4247 2688 4307 adversarios
2723 4245 2815 4303 vel
2849 4245 2968 4303 sibi

355 4353 474 4393 non
508 4339 795 4404 constare,
832 4338 925 4396 vel
958 4339 1319 4397 consectaria
1349 4357 1553 4397 eorum
1586 4340 1800 4397 erroris
1834 4339 2009 4397 certis
2045 4337 2343 4396 doctrinae
2363 4337 2655 4395 revelatae
2676 4335 2969 4416 capitibus

574 4549 607 4608 Ι)
637 4542 719 4597 Cf.
749 4545 1104 4614 praeclarum
1133 4545 1172 4598 C
1191 4547 1225 4597 h
1244 4563 1321 4613 ry
1339 4564 1362 4598 s
1380 4562 1410 4598 o
1430 4548 1541 4598 sto
1560 4544 1653 4598 mi
1683 4545 1962 4599 monitum
2000 4545 2151 4600 hom.
2175 4551 2236 4600 31
2281 4545 2341 4596 in
2364 4561 2450 4613 ep.
2468 4544 2543 4596 ad
2567 4543 2739 4597 Hebr.
2768 4549 2846 4602 1⁶2,
2877 4547 2972 4597 17:

350 4626 413 4676 et
441 4623 535 4675 Isi
552 4624 587 4676 d
606 4640 637 4675 ο
655 4623 717 4676 ri
745 4623 1070 4677 Pelusiosae
1098 4642 1184 4692 ep.
1221 4626 1308 4688 lv,
1344 4634 1421 4680 14.
