3538 5364
593 223 719 287 705
1806 210 1997 267 Index.

591 448 789 518 Thesis
816 471 937 522 265.
965 462 1392 517 Matrimonium
1423 460 1803 523 christianum
1830 460 2006 514 etiam
2031 460 2092 515 in
2120 477 2253 515 casu
2280 458 2553 513 adulterii
2579 461 2664 513 est
2688 459 2928 513 indisso-

1021 551 1198 607 lubile
1300 592 1312 606 .

946 643 982 698 S
1000 659 1028 696 c
1045 642 1084 695 h
1103 641 1257 697 olio
1273 660 1312 694 ιι
1364 642 1405 693 Ι.
1433 639 1514 694 De
1543 638 1854 710 privilegio
1883 630 2121 708 paulino
2922 696 2927 699 Δ

889 732 896 737 ’
948 734 983 787 8
1001 734 1085 788 ch
1102 732 1208 786 oli
1225 749 1312 786 on
1339 733 1406 786 11.
1434 730 1866 786 Matrimonium
1919 732 2108 784 ratum
2147 730 2395 784 solvitur
2443 730 2795 801 professione
2845 748 2929 785 so·

1019 820 1197 875 lemni
1222 818 1519 891 religionis
1955 861 1967 873 .

947 910 983 965 S
1000 927 1030 964 c
1047 911 1084 964 h
1105 927 1136 965 o
1152 910 1208 964 11
1225 926 1257 963 o
1272 929 1309 963 n
1334 909 1430 963 ΙΙΙ.
1458 908 1881 962 Matrimonium
1905 909 2092 961 ratum
2111 860 2349 960 ’dissolvi
2370 908 2561 978 potest
2580 923 2614 959 a
2632 924 2771 965 rom
2791 923 2928 977 pon·

1018 999 1169 1053 tifice
1192 998 1352 1068 gravi
1378 998 1448 1051 de
1474 1014 1641 1051 causa
2269 1040 2280 1050 .

887 1153 895 1160 ,
950 1089 985 1143 S
1002 1090 1203 1163 clioli
1222 1105 1253 1142 o
1269 1107 1306 1142 n
1335 1088 1426 1141 IV.
1453 1086 1769 1157 Divortium
1816 1086 2001 1155 quoad
2045 1087 2226 1139 torum
2270 1088 2327 1139 et
2365 1101 2615 1141 mensam
2649 1086 2821 1140 variis
2862 1103 2929 1140 ex

1020 1179 1202 1233 causis
1226 1176 1478 1246 legitime
1504 1176 1625 1231 fieri
1650 1177 1840 1247 potest
1948 1216 1963 1229 .

592 1270 787 1325 Thesis
815 1273 937 1340 266.
963 1267 1207 1322 Ecclesia
1230 1267 1420 1337 potest
1445 1267 1695 1337 statuere
1721 1263 2129 1334 impedimenta
2155 1220 2480 1328 dirimentis.
2505 1263 2928 1319 matrimonium

1019 1359 1077 1411 et
1101 1355 1174 1409 ad
1199 1354 1318 1426 ejus
1342 1354 1592 1408 tribunal
1606 1356 1879 1427 spectant
1901 1368 2094 1408 omnes
2120 1369 2319 1407 causae
2345 1352 2789 1407 matrimoniales

592 1447 786 1501 Thes-is
815 1447 934 1500 267.
961 1445 1208 1500 Ecclesia
1246 1460 1312 1497 ea
1337 1438 1630 1517 potestate
1670 1443 1879 1497 fruitur
1909 1444 2037 1511 jure
2075 1440 2301 1511 proprio
2340 1443 2398 1495 et
2438 1441 2701 1512 originali
2726 1444 2784 1496 et
2808 1442 2928 1511 qui·

662 1519 665 1523 ’
1021 1533 1146 1588 dem
1174 1513 1295 1587 sola
1369 1600 1376 1603 „

949 1621 1310 1676 Scholion
1336 1639 1415 1691 pr
1431 1622 1766 1675 acticum.
1795 1619 2094 1675 Concionis
2120 1621 2514 1690 argumentum
2592 1661 2604 1673 .

1673 1802 2032 1870 Tractatus
2065 1801 2177 1869 Χ.

1255 1937 1397 2049 De
1440 1936 1644 2051 Deo
1691 1933 2547 2049 consummatore.

1600 2102 1882 2168 Sectio
1930 2104 2208 2185 prima.

1043 2224 1148 2316 De
1181 2226 1811 2317 c‘onsummatIonc
1845 2247 2315 2329 singulorum
2344 2246 2755 2315 hominum.

1768 2387 1977 2471 Caput
2005 2388 2045 2451 1.

1568 2516 1653 2569 Dc
1679 2516 1873 2570 morte
1900 2516 1964 2569 et
1982 2513 2240 2583 judlclo.

952 2641 1121 2696 Notio
1147 2641 1342 2696 mortis

891 2763 900 2768 -
951 2731 1031 2786 De
1057 2731 1481 2785 universalitate
1508 2731 1703 2784 mortis
1793 2771 1805 2782 .

952 2821 1101 2874 Mors
1127 2819 1252 2873 finis
1278 2821 1364 2873 est
1388 2822 1566 2873 status
1593 2821 1717 2873 viae
1794 2865 1804 2877 .

893 2943 900 2950 ›
950 2907 1032 2962 De
1051 2908 1265 2977 judicio
1292 2908 1620 2979 particulari
1691 2941 1694 2944 -
1794 2949 1805 2959 .

952 2996 1243 3051 Sententia
1267 2998 1387 3050 lata
1411 3014 1540 3051 inox
1567 2996 1912 3051 exsecutioni
1937 2996 2287 3050 mandatur.

893 3085 986 3139 8
1004 3101 1032 3137 c
1050 3085 1086 3138 h
1103 3085 1207 3139 oli
1223 3102 1256 3140 o
1273 3104 1326 3139 n.
1354 3086 1434 3140 De
1461 3087 1801 3141 daemonum
1827 3088 1979 3139 statu

595 3174 786 3229 Thesis
814 3178 935 3230 268.
962 3175 1196 3229 Animae
1213 3175 1514 3244 justorum,
1541 3175 1761 3243 quibus
1803 3173 1946 3227 nihil
1984 3173 2253 3227 luendum
2289 3173 2554 3240 superest,
2585 3169 2777 3223 statim
2803 3173 2932 3238 post

1025 3266 1264 3317 mortem
1289 3263 1502 3317 visione
1526 3264 1789 3317 fruuntur
1815 3263 2075 3317 beatifica
2115 3286 2125 3315 .

1759 3442 1968 3526 Caput
1997 3443 2063 3507 ΙΙ.

1718 3570 1803 3624 De
1832 3570 2094 3624 inferno.

955 3694 1158 3748 Inferni
1187 3693 1522 3764 significatio
1629 3735 1640 3746 .

595 3781 786 3835 Thesis
816 3785 934 3837 269.
962 3782 1446 3852 Transgressiones
1481 3782 1622 3852 legis
1651 3782 1874 3835 divinae
1908 3784 1968 3835 in
1993 3783 2277 3851 praesenti
2307 3784 2423 3836 vita
2447 3801 2558 3838 non
2584 3788 2846 3839 remissae
2870 3786 2933 3838 in

895 3905 900 3908 Ἴ
953 3870 1131 3924 altera
1156 3887 1190 3923 a
1213 3870 1328 3925 Deo
1354 3872 1668 3940 puniuntur
2321 3889 2323 3895 ⁴
2531 3860 2535 3864 ’

596 3958 786 4012 'l'hesis
806 3963 924 4013 270.
938 3958 1219 4013 Distincta
1229 3976 1410 4027 poena
1420 3960 1608 4013 damni
1622 3961 1680 4013 et
1694 3976 1886 4013 sensus
1904 3960 2320 4023 dicimus,inter
2332 3962 2511 4015 varias
2524 3980 2716 4018 sensus
2727 3979 2932 4033 poenas

1026 4049 1230 4116 quibus
1257 4049 1570 4120 puniuntur
1593 4051 1772 4119 impii,
1802 4066 1919 4104 esse
1946 4050 2117 4104 etiam
2144 4051 2333 4120 ignem
2355 4068 2550 4105 verum
2573 4054 2629 4105 et
2646 4052 2932 4122 proprium

953 4138 988 4193 S
1004 4154 1033 4190 c
1049 4137 1084 4189 h
1101 4137 1169 4190 ol
1186 4138 1252 4191 io
1268 4157 1305 4192 n
1383 4139 1418 4191 1.
1447 4139 1738 4203 Quomodo
1766 4140 1913 4208 ignis
1939 4144 2074 4209 agat
2099 4139 2159 4191 in
2186 4139 2447 4208 spiritum

954 4224 988 4277 8
1006 4243 1034 4278 c
1051 4225 1089 4277 h
1106 4225 1258 4279 olio
1276 4245 1311 4278 n
1363 4225 1428 4282 II.
1459 4227 1684 4280 Diversa
1710 4243 1894 4295 poena
1918 4242 2020 4295 pro
2047 4227 2376 4281 diversitate
2402 4229 2697 4282 criminum
2758 4275 2770 4287 .

953 4313 1304 4368 Scholion
1332 4314 1423 4368 ΙΙΙ.
1452 4316 1529 4369 De
1556 4317 1678 4369 loco
1703 4315 1907 4369 inferni
1958 4357 1970 4369 .

596 4403 790 4456 'rhesis
819 4407 938 4456 271.
969 4403 1185 4458 Poenae
1213 4404 1606 4458 damnatorum
1633 4410 1766 4457 sunt
1793 4408 2050 4458 aeternae
2114 4446 2125 4458 .

1026 4492 1065 4545 C
1083 4510 1114 4546 o
1131 4511 1158 4546 r
1174 4493 1241 4547 ol
1260 4493 1293 4546 l.
1321 4492 1401 4545 Ex
1428 4495 1643 4547 inferno
1671 4492 1829 4547 nulla
1853 4493 2162 4563 redemptio
2274 4536 2285 4547 .

598 4576 790 4630 'l'hesis
820 4583 938 4635 272.
968 4582 1285 4635 Aeternitas
1312 4599 1615 4650 poenarum
1642 4600 1754 4636 non
1784 4584 2109 4637 adversatur
2135 4585 2341 4637 rationi
2435 4628 2446 4638 .

955 4668 990 4720 S
1008 4669 1090 4721 ch
1107 4671 1172 4723 ol
1192 4671 1256 4724 io
1276 4690 1327 4727 n.
1358 4673 1438 4726 De
1466 4672 1854 4726 damnatorum
1884 4674 2034 4725 statu
2110 4719 2121 4729 .

3004 386 3150 456 Pag.

3116 554 3230 605 573

3115 641 3227 697 579

3114 826 3217 874 581

3113 1002 3221 1052 582

3111 1179 3218 1229 582

3114 1358 3222 1408 583

3115 1533 3222 1585 586

3116 1624 3223 1676 590

3116 2639 3221 2690 590

3115 2727 3220 2779 593

3115 2817 3220 2868 594

3116 2909 3220 2958 594

3116 2994 3219 3046 595

3115 3084 3219 3137 596

3116 3262 3217 3312 597

3115 3699 3220 3750 603

3115 3879 3220 3927 604

3116 4054 3220 4105 60ίί

3116 4145 3211 4195 611

3117 4232 3219 4283 612

3118 4323 3221 4372 613

3115 4409 3221 4461 613

3117 4501 3219 4551 615

3116 4589 3221 4642 617

3116 4679 3218 4730 620
