<?xml version="1.0" encoding="UTF-8"?>
<!DOCTYPE html PUBLIC "-//W3C//DTD XHTML 1.0 Transitional//EN"
    "http://www.w3.org/TR/xhtml1/DTD/xhtml1-transitional.dtd">
<html xmlns="http://www.w3.org/1999/xhtml" xml:lang="en" lang="en">
 <head>
  <title>
</title>
<meta http-equiv="Content-Type" content="text/html;charset=utf-8" />
  <meta name='ocr-system' content='tesseract 3.04.00' />
  <meta name='ocr-capabilities' content='ocr_page ocr_carea ocr_par ocr_line ocrx_word'/>
</head>
<body>
  <div class='ocr_page' id='page_1' title='image "./theologiaedogma00hurtgoog_0257.png"; bbox 0 0 3538 5364; ppageno 0'>
   <div class='ocr_carea' id='block_1_1' title="bbox 1329 284 2952 359">
    <p class='ocr_par' dir='ltr' id='par_1_1' title="bbox 1329 284 2952 359">
     <span class='ocr_line' id='line_1_1' title="bbox 1329 284 2952 359; baseline 0.008 -21"><span class='ocrx_word' id='word_1_1' title='bbox 1329 284 1410 339; x_wconf 86' lang='lat' dir='ltr'>De</span> <span class='ocrx_word' id='word_1_2' title='bbox 1438 284 1960 341; x_wconf 69' lang='lat' dir='ltr'>sacramentalibus</span> <span class='ocrx_word' id='word_1_3' title='bbox 2820 294 2952 359; x_wconf 77' lang='lat'>245</span> 
     </span>
    </p>
   </div>
   <div class='ocr_carea' id='block_1_2' title="bbox 332 465 2956 973">
    <p class='ocr_par' dir='ltr' id='par_1_2' title="bbox 332 465 2956 973">
     <span class='ocr_line' id='line_1_2' title="bbox 337 465 2951 550; baseline 0.001 -19"><span class='ocrx_word' id='word_1_4' title='bbox 337 475 492 531; x_wconf 92' lang='lat' dir='ltr'>nant</span> <span class='ocrx_word' id='word_1_5' title='bbox 525 468 608 531; x_wconf 90' lang='lat' dir='ltr'>ad</span> <span class='ocrx_word' id='word_1_6' title='bbox 641 476 887 533; x_wconf 87' lang='lat' dir='ltr'>motum</span> <span class='ocrx_word' id='word_1_7' title='bbox 919 467 1370 548; x_wconf 89' lang='lat' dir='ltr'>poenitentiae,</span> <span class='ocrx_word' id='word_1_8' title='bbox 1403 468 1511 548; x_wconf 91' lang='lat' dir='ltr'>qui</span> <span class='ocrx_word' id='word_1_9' title='bbox 1545 473 1641 532; x_wconf 85' lang='lat' dir='ltr'>est</span> <span class='ocrx_word' id='word_1_10' title='bbox 1673 465 2017 531; x_wconf 91' lang='lat' dir='ltr'>detestatio</span> <span class='ocrx_word' id='word_1_11' title='bbox 2068 473 2483 548; x_wconf 90' lang='lat' dir='ltr'>peccatorum</span> <span class='ocrx_word' id='word_1_12' title='bbox 2513 468 2616 532; x_wconf 89' lang='lat' dir='ltr'>vel</span> <span class='ocrx_word' id='word_1_13' title='bbox 2649 469 2951 550; x_wconf 85' lang='lat' dir='ltr'>implicite</span> 
     </span>
     <span class='ocr_line' id='line_1_3' title="bbox 333 572 2954 657; baseline 0.002 -22"><span class='ocrx_word' id='word_1_14' title='bbox 333 574 434 638; x_wconf 82' lang='lat' dir='ltr'>vel</span> <span class='ocrx_word' id='word_1_15' title='bbox 467 574 819 656; x_wconf 65' lang='lat' dir='ltr'>explicite«</span> <span class='ocrx_word' id='word_1_16' title='bbox 888 572 1110 655; x_wconf 85' lang='lat' dir='ltr'>Neque</span> <span class='ocrx_word' id='word_1_17' title='bbox 1142 593 1205 643; x_wconf 85' lang='lat' dir='ltr'>e.</span> <span class='ocrx_word' id='word_1_18' title='bbox 1242 591 1467 637; x_wconf 90' lang='lat' dir='ltr'>eorum</span> <span class='ocrx_word' id='word_1_19' title='bbox 1499 572 1762 638; x_wconf 83' lang='lat' dir='ltr'>eil&#39;ectus</span> <span class='ocrx_word' id='word_1_20' title='bbox 1811 581 1912 637; x_wconf 89' lang='lat' dir='ltr'>est</span> <span class='ocrx_word' id='word_1_21' title='bbox 1957 572 2248 638; x_wconf 84' lang='lat' dir='ltr'>remissio</span> <span class='ocrx_word' id='word_1_22' title='bbox 2280 591 2531 654; x_wconf 90' lang='lat' dir='ltr'>poenae</span> <span class='ocrx_word' id='word_1_23' title='bbox 2563 574 2954 657; x_wconf 78' lang='lat' dir='ltr'>temporaliS,</span> 
     </span>
     <span class='ocr_line' id='line_1_4' title="bbox 332 680 2955 765; baseline 0.001 -21"><span class='ocrx_word' id='word_1_24' title='bbox 332 699 502 762; x_wconf 89' lang='lat' dir='ltr'>quae</span> <span class='ocrx_word' id='word_1_25' title='bbox 533 699 667 745; x_wconf 94' lang='lat' dir='ltr'>non</span> <span class='ocrx_word' id='word_1_26' title='bbox 714 681 1055 745; x_wconf 86' lang='lat' dir='ltr'>remittitur</span> <span class='ocrx_word' id='word_1_27' title='bbox 1098 680 1219 744; x_wconf 88' lang='lat' dir='ltr'>nisi</span> <span class='ocrx_word' id='word_1_28' title='bbox 1265 681 1691 761; x_wconf 87' lang='lat' dir='ltr'>praecesserit</span> <span class='ocrx_word' id='word_1_29' title='bbox 1734 680 1835 744; x_wconf 86' lang='lat' dir='ltr'>vel</span> <span class='ocrx_word' id='word_1_30' title='bbox 1881 680 2271 744; x_wconf 89' lang='lat' dir='ltr'>condonatio</span> <span class='ocrx_word' id='word_1_31' title='bbox 2315 680 2559 762; x_wconf 89' lang='lat' dir='ltr'>culpae,</span> <span class='ocrx_word' id='word_1_32' title='bbox 2607 682 2709 746; x_wconf 87' lang='lat' dir='ltr'>vel</span> <span class='ocrx_word' id='word_1_33' title='bbox 2739 682 2955 765; x_wconf 93' lang='lat' dir='ltr'>aliqua</span> 
     </span>
     <span class='ocr_line' id='line_1_5' title="bbox 339 784 2956 869; baseline 0 -19"><span class='ocrx_word' id='word_1_34' title='bbox 339 788 714 864; x_wconf 80' lang='lat' dir='ltr'>satisfactiO,</span> <span class='ocrx_word' id='word_1_35' title='bbox 747 788 848 852; x_wconf 88' lang='lat' dir='ltr'>vel</span> <span class='ocrx_word' id='word_1_36' title='bbox 878 806 993 868; x_wconf 88' lang='lat' dir='ltr'>per</span> <span class='ocrx_word' id='word_1_37' title='bbox 1013 786 1454 868; x_wconf 84' lang='lat' dir='ltr'>indulgentias,</span> <span class='ocrx_word' id='word_1_38' title='bbox 1477 803 1646 868; x_wconf 89' lang='lat' dir='ltr'>quae</span> <span class='ocrx_word' id='word_1_39' title='bbox 1668 784 1927 867; x_wconf 91' lang='lat' dir='ltr'>quidem</span> <span class='ocrx_word' id='word_1_40' title='bbox 1948 786 2512 850; x_wconf 82' lang='lat' dir='ltr'>sacramentalium</span> <span class='ocrx_word' id='word_1_41' title='bbox 2535 787 2677 850; x_wconf 87' lang='lat' dir='ltr'>usui</span> <span class='ocrx_word' id='word_1_42' title='bbox 2696 786 2956 869; x_wconf 86' lang='lat' dir='ltr'>adjungi</span> 
     </span>
     <span class='ocr_line' id='line_1_6' title="bbox 337 892 1810 973; baseline -0.001 -16"><span class='ocrx_word' id='word_1_43' title='bbox 337 895 610 959; x_wconf 88' lang='lat' dir='ltr'>subinde</span> <span class='ocrx_word' id='word_1_44' title='bbox 642 895 870 965; x_wconf 81' lang='lat' dir='ltr'>solent.</span> <span class='ocrx_word' id='word_1_45' title='bbox 902 894 1018 958; x_wconf 91' lang='lat' dir='ltr'>sed</span> <span class='ocrx_word' id='word_1_46' title='bbox 1050 893 1132 957; x_wconf 89' lang='lat' dir='ltr'>ab</span> <span class='ocrx_word' id='word_1_47' title='bbox 1167 893 1288 957; x_wconf 91' lang='lat' dir='ltr'>illis</span> <span class='ocrx_word' id='word_1_48' title='bbox 1321 892 1810 973; x_wconf 88' lang='lat' dir='ltr'>distinguuntur.</span> 
     </span>
    </p>
   </div>
   <div class='ocr_carea' id='block_1_3' title="bbox 335 1016 2974 2798">
    <p class='ocr_par' dir='ltr' id='par_1_3' title="bbox 335 1016 2974 2798">
     <span class='ocr_line' id='line_1_7' title="bbox 517 1016 2957 1101; baseline 0 -18"><span class='ocrx_word' id='word_1_49' title='bbox 517 1017 584 1083; x_wconf 88' lang='lat' dir='ltr'>Si</span> <span class='ocrx_word' id='word_1_50' title='bbox 619 1038 771 1099; x_wconf 88' lang='lat' dir='ltr'>ergo</span> <span class='ocrx_word' id='word_1_51' title='bbox 801 1019 865 1088; x_wconf 77' lang='lat'>4.</span> <span class='ocrx_word' id='word_1_52' title='bbox 898 1019 1243 1101; x_wconf 87' lang='lat' dir='ltr'>quaeritur,</span> <span class='ocrx_word' id='word_1_53' title='bbox 1279 1018 1542 1100; x_wconf 84' lang='lat' dir='ltr'>quinam</span> <span class='ocrx_word' id='word_1_54' title='bbox 1574 1018 1656 1080; x_wconf 91' lang='lat' dir='ltr'>sit</span> <span class='ocrx_word' id='word_1_55' title='bbox 1687 1035 1912 1081; x_wconf 85' lang='lat' dir='ltr'>eorum</span> <span class='ocrx_word' id='word_1_56' title='bbox 1951 1016 2190 1081; x_wconf 84' lang='lat' dir='ltr'>fructus</span> <span class='ocrx_word' id='word_1_57' title='bbox 2223 1017 2534 1098; x_wconf 87' lang='lat' dir='ltr'>specialis,</span> <span class='ocrx_word' id='word_1_58' title='bbox 2564 1017 2725 1082; x_wconf 90' lang='lat' dir='ltr'>alios</span> <span class='ocrx_word' id='word_1_59' title='bbox 2759 1025 2957 1101; x_wconf 90' lang='lat' dir='ltr'>atque</span> 
     </span>
     <span class='ocr_line' id='line_1_8' title="bbox 335 1122 2955 1207; baseline 0.001 -19"><span class='ocrx_word' id='word_1_60' title='bbox 335 1127 498 1189; x_wconf 87' lang='lat' dir='ltr'>alios</span> <span class='ocrx_word' id='word_1_61' title='bbox 533 1126 815 1205; x_wconf 84' lang='lat' dir='ltr'>theologi</span> <span class='ocrx_word' id='word_1_62' title='bbox 847 1125 965 1188; x_wconf 92' lang='lat' dir='ltr'>illis</span> <span class='ocrx_word' id='word_1_63' title='bbox 999 1126 1357 1206; x_wconf 89' lang='lat' dir='ltr'>assignant:</span> <span class='ocrx_word' id='word_1_64' title='bbox 1391 1132 1455 1188; x_wconf 90' lang='lat' dir='ltr'>et</span> <span class='ocrx_word' id='word_1_65' title='bbox 1486 1142 1714 1189; x_wconf 87' lang='lat' dir='ltr'>revera</span> <span class='ocrx_word' id='word_1_66' title='bbox 1748 1143 1882 1188; x_wconf 92' lang='lat' dir='ltr'>non</span> <span class='ocrx_word' id='word_1_67' title='bbox 1914 1143 2079 1187; x_wconf 92' lang='lat' dir='ltr'>unus</span> <span class='ocrx_word' id='word_1_68' title='bbox 2098 1122 2396 1207; x_wconf 91' lang='lat' dir='ltr'>idemque</span> <span class='ocrx_word' id='word_1_69' title='bbox 2417 1131 2516 1189; x_wconf 90' lang='lat' dir='ltr'>est</span> <span class='ocrx_word' id='word_1_70' title='bbox 2535 1125 2798 1190; x_wconf 80' lang='lat' dir='ltr'>effectus</span> <span class='ocrx_word' id='word_1_71' title='bbox 2823 1127 2955 1190; x_wconf 90' lang='lat' dir='ltr'>sin-</span> 
     </span>
     <span class='ocr_line' id='line_1_9' title="bbox 337 1228 2956 1315; baseline 0 -19"><span class='ocrx_word' id='word_1_72' title='bbox 337 1233 646 1313; x_wconf 86' lang='lat' dir='ltr'>gulorum.</span> <span class='ocrx_word' id='word_1_73' title='bbox 714 1228 1040 1296; x_wconf 86' lang='lat' dir='ltr'>Schmid</span> <span class='ocrx_word' id='word_1_74' title='bbox 1074 1250 1174 1313; x_wconf 90' lang='lat' dir='ltr'>op.</span> <span class='ocrx_word' id='word_1_75' title='bbox 1205 1231 1370 1295; x_wconf 84' lang='lat' dir='ltr'>infra</span> <span class='ocrx_word' id='word_1_76' title='bbox 1400 1232 1502 1296; x_wconf 90' lang='lat' dir='ltr'>cit.</span> <span class='ocrx_word' id='word_1_77' title='bbox 1535 1249 1587 1295; x_wconf 87' lang='lat' dir='ltr'>c.</span> <span class='ocrx_word' id='word_1_78' title='bbox 1623 1239 1663 1301; x_wconf 80' lang='lat'><strong>2</strong></span> <span class='ocrx_word' id='word_1_79' title='bbox 1699 1249 1925 1296; x_wconf 90' lang='lat' dir='ltr'>eorum</span> <span class='ocrx_word' id='word_1_80' title='bbox 1955 1236 2250 1295; x_wconf 79' lang='lat' dir='ltr'>recenset</span> <span class='ocrx_word' id='word_1_81' title='bbox 2294 1236 2628 1312; x_wconf 86' lang='lat' dir='ltr'>septem,</span> <span class='ocrx_word' id='word_1_82' title='bbox 2675 1232 2784 1315; x_wconf 91' lang='lat' dir='ltr'>qui</span> <span class='ocrx_word' id='word_1_83' title='bbox 2817 1234 2956 1297; x_wconf 89' lang='lat' dir='ltr'>aliis</span> 
     </span>
     <span class='ocr_line' id='line_1_10' title="bbox 340 1337 2955 1421; baseline 0.001 -19"><span class='ocrx_word' id='word_1_84' title='bbox 340 1348 532 1421; x_wconf 89' lang='lat' dir='ltr'>atque</span> <span class='ocrx_word' id='word_1_85' title='bbox 565 1339 706 1401; x_wconf 91' lang='lat' dir='ltr'>aliis</span> <span class='ocrx_word' id='word_1_86' title='bbox 740 1339 1142 1403; x_wconf 86' lang='lat' dir='ltr'>conveniunt.</span> <span class='ocrx_word' id='word_1_87' title='bbox 1177 1338 1501 1420; x_wconf 87' lang='lat' dir='ltr'>Ejusmodi</span> <span class='ocrx_word' id='word_1_88' title='bbox 1533 1346 1684 1403; x_wconf 89' lang='lat' dir='ltr'>sunt</span> <span class='ocrx_word' id='word_1_89' title='bbox 1717 1338 2019 1402; x_wconf 85' lang='lat' dir='ltr'>excitatio</span> <span class='ocrx_word' id='word_1_90' title='bbox 2050 1337 2304 1418; x_wconf 88' lang='lat' dir='ltr'>piorum</span> <span class='ocrx_word' id='word_1_91' title='bbox 2336 1357 2642 1402; x_wconf 90' lang='lat' dir='ltr'>sensuum</span> <span class='ocrx_word' id='word_1_92' title='bbox 2674 1346 2740 1404; x_wconf 94' lang='lat' dir='ltr'>et</span> <span class='ocrx_word' id='word_1_93' title='bbox 2760 1339 2955 1404; x_wconf 81' lang='lat' dir='ltr'>affec-</span> 
     </span>
     <span class='ocr_line' id='line_1_11' title="bbox 338 1444 2956 1527; baseline -0 -16"><span class='ocrx_word' id='word_1_94' title='bbox 338 1455 540 1523; x_wconf 88' lang='lat' dir='ltr'>tuum,</span> <span class='ocrx_word' id='word_1_95' title='bbox 572 1445 832 1510; x_wconf 87' lang='lat' dir='ltr'>collatio</span> <span class='ocrx_word' id='word_1_96' title='bbox 869 1445 1221 1527; x_wconf 89' lang='lat' dir='ltr'>gratiarum</span> <span class='ocrx_word' id='word_1_97' title='bbox 1271 1445 1618 1509; x_wconf 86' lang='lat' dir='ltr'>actualium</span> <span class='ocrx_word' id='word_1_98' title='bbox 1669 1450 1735 1508; x_wconf 91' lang='lat' dir='ltr'>et</span> <span class='ocrx_word' id='word_1_99' title='bbox 1783 1444 2237 1509; x_wconf 84' lang='lat' dir='ltr'>beneficiorum</span> <span class='ocrx_word' id='word_1_100' title='bbox 2288 1452 2358 1508; x_wconf 91' lang='lat' dir='ltr'>ut</span> <span class='ocrx_word' id='word_1_101' title='bbox 2403 1444 2468 1507; x_wconf 92' lang='lat' dir='ltr'>in</span> <span class='ocrx_word' id='word_1_102' title='bbox 2515 1444 2956 1510; x_wconf 88' lang='lat' dir='ltr'>benedictione</span> 
     </span>
     <span class='ocr_line' id='line_1_12' title="bbox 338 1550 2957 1633; baseline 0 -17"><span class='ocrx_word' id='word_1_103' title='bbox 338 1553 613 1629; x_wconf 82' lang='lat' dir='ltr'>abbatiS,</span> <span class='ocrx_word' id='word_1_104' title='bbox 647 1554 712 1616; x_wconf 92' lang='lat' dir='ltr'>in</span> <span class='ocrx_word' id='word_1_105' title='bbox 745 1552 1075 1617; x_wconf 87' lang='lat' dir='ltr'>ordinibus</span> <span class='ocrx_word' id='word_1_106' title='bbox 1107 1552 1479 1628; x_wconf 89' lang='lat' dir='ltr'>minoribus,</span> <span class='ocrx_word' id='word_1_107' title='bbox 1500 1553 1564 1615; x_wconf 90' lang='lat' dir='ltr'>in</span> <span class='ocrx_word' id='word_1_108' title='bbox 1588 1551 2035 1617; x_wconf 90' lang='lat' dir='ltr'>benedictione</span> <span class='ocrx_word' id='word_1_109' title='bbox 2068 1550 2336 1631; x_wconf 92' lang='lat' dir='ltr'>nuptiali</span> <span class='ocrx_word' id='word_1_110' title='bbox 2367 1557 2503 1627; x_wconf 73' lang='lat' dir='ltr'>etc,</span> <span class='ocrx_word' id='word_1_111' title='bbox 2535 1570 2957 1633; x_wconf 88' lang='lat' dir='ltr'>personarum</span> 
     </span>
     <span class='ocr_line' id='line_1_13' title="bbox 336 1657 2956 1741; baseline 0 -17"><span class='ocrx_word' id='word_1_112' title='bbox 336 1668 402 1724; x_wconf 91' lang='lat' dir='ltr'>et</span> <span class='ocrx_word' id='word_1_113' title='bbox 434 1678 652 1724; x_wconf 88' lang='lat' dir='ltr'>rerum</span> <span class='ocrx_word' id='word_1_114' title='bbox 685 1659 929 1723; x_wconf 85' lang='lat' dir='ltr'>stabilis</span> <span class='ocrx_word' id='word_1_115' title='bbox 954 1660 1356 1723; x_wconf 87' lang='lat' dir='ltr'>consecratio</span> <span class='ocrx_word' id='word_1_116' title='bbox 1377 1665 1494 1723; x_wconf 91' lang='lat' dir='ltr'>etc.</span> <span class='ocrx_word' id='word_1_117' title='bbox 1530 1657 1693 1722; x_wconf 89' lang='lat' dir='ltr'>Prae</span> <span class='ocrx_word' id='word_1_118' title='bbox 1723 1658 1946 1739; x_wconf 91' lang='lat' dir='ltr'>primis</span> <span class='ocrx_word' id='word_1_119' title='bbox 1980 1666 2197 1722; x_wconf 89' lang='lat' dir='ltr'>autem</span> <span class='ocrx_word' id='word_1_120' title='bbox 2230 1677 2455 1722; x_wconf 90' lang='lat' dir='ltr'>eorum</span> <span class='ocrx_word' id='word_1_121' title='bbox 2487 1659 2784 1724; x_wconf 84' lang='lat' dir='ltr'>effectum</span> <span class='ocrx_word' id='word_1_122' title='bbox 2806 1679 2956 1741; x_wconf 90' lang='lat' dir='ltr'>pro-</span> 
     </span>
     <span class='ocr_line' id='line_1_14' title="bbox 339 1764 2974 1849; baseline -0.001 -18"><span class='ocrx_word' id='word_1_123' title='bbox 339 1769 547 1849; x_wconf 89' lang='lat' dir='ltr'>prium</span> <span class='ocrx_word' id='word_1_124' title='bbox 579 1767 877 1847; x_wconf 85' lang='lat' dir='ltr'>colligere</span> <span class='ocrx_word' id='word_1_125' title='bbox 909 1766 1059 1830; x_wconf 89' lang='lat' dir='ltr'>licet</span> <span class='ocrx_word' id='word_1_126' title='bbox 1088 1784 1168 1829; x_wconf 84' lang='lat' dir='ltr'>ex</span> <span class='ocrx_word' id='word_1_127' title='bbox 1201 1767 1340 1847; x_wconf 89' lang='lat' dir='ltr'>ipso</span> <span class='ocrx_word' id='word_1_128' title='bbox 1372 1765 1696 1830; x_wconf 87' lang='lat' dir='ltr'>Ecclesiae</span> <span class='ocrx_word' id='word_1_129' title='bbox 1729 1784 1851 1828; x_wconf 90' lang='lat' dir='ltr'>usu</span> <span class='ocrx_word' id='word_1_130' title='bbox 1884 1772 1949 1829; x_wconf 88' lang='lat' dir='ltr'>et</span> <span class='ocrx_word' id='word_1_131' title='bbox 1994 1764 2415 1841; x_wconf 63' lang='lat' dir='ltr'>orationibus</span> <span class='ocrx_word' id='word_1_132' title='bbox 2468 1784 2634 1846; x_wconf 92' lang='lat' dir='ltr'>quae</span> <span class='ocrx_word' id='word_1_133' title='bbox 2667 1766 2749 1829; x_wconf 94' lang='lat' dir='ltr'>ab</span> <span class='ocrx_word' id='word_1_134' title='bbox 2783 1784 2863 1830; x_wconf 90' lang='lat' dir='ltr'>ea</span> <span class='ocrx_word' id='word_1_135' title='bbox 2892 1766 2974 1836; x_wconf 85' lang='lat' dir='ltr'>in.</span> 
     </span>
     <span class='ocr_line' id='line_1_15' title="bbox 341 1871 2958 1957; baseline -0.001 -20"><span class='ocrx_word' id='word_1_136' title='bbox 341 1876 659 1957; x_wconf 85' lang='lat' dir='ltr'>plerisque</span> <span class='ocrx_word' id='word_1_137' title='bbox 690 1873 1146 1937; x_wconf 89' lang='lat' dir='ltr'>consecrandis</span> <span class='ocrx_word' id='word_1_138' title='bbox 1177 1871 1278 1938; x_wconf 87' lang='lat' dir='ltr'>vel</span> <span class='ocrx_word' id='word_1_139' title='bbox 1312 1872 1690 1936; x_wconf 88' lang='lat' dir='ltr'>adhibendis</span> <span class='ocrx_word' id='word_1_140' title='bbox 1725 1871 2087 1935; x_wconf 86' lang='lat' dir='ltr'>funduntur.</span> <span class='ocrx_word' id='word_1_141' title='bbox 2150 1872 2240 1935; x_wconf 89' lang='lat' dir='ltr'>Ex</span> <span class='ocrx_word' id='word_1_142' title='bbox 2273 1872 2449 1936; x_wconf 87' lang='lat' dir='ltr'>hisce</span> <span class='ocrx_word' id='word_1_143' title='bbox 2481 1890 2635 1936; x_wconf 87' lang='lat' dir='ltr'>vero</span> <span class='ocrx_word' id='word_1_144' title='bbox 2668 1873 2958 1956; x_wconf 85' lang='lat' dir='ltr'>assequi-</span> 
     </span>
     <span class='ocr_line' id='line_1_16' title="bbox 350 1981 2958 2064; baseline 0 -19"><span class='ocrx_word' id='word_1_145' title='bbox 350 2002 512 2056; x_wconf 87' lang='lat' dir='ltr'>mur,</span> <span class='ocrx_word' id='word_1_146' title='bbox 547 1983 1113 2048; x_wconf 86' lang='lat' dir='ltr'>sacramentalium</span> <span class='ocrx_word' id='word_1_147' title='bbox 1148 1981 1501 2048; x_wconf 84' lang='lat' dir='ltr'>efficaciam</span> <span class='ocrx_word' id='word_1_148' title='bbox 1534 1982 1712 2062; x_wconf 86' lang='lat' dir='ltr'>dirigi</span> <span class='ocrx_word' id='word_1_149' title='bbox 1746 1998 1944 2064; x_wconf 90' lang='lat' dir='ltr'>quam</span> <span class='ocrx_word' id='word_1_150' title='bbox 1974 1981 2316 2062; x_wconf 90' lang='lat' dir='ltr'>plurimum</span> <span class='ocrx_word' id='word_1_151' title='bbox 2349 1982 2658 2046; x_wconf 87' lang='lat' dir='ltr'>adversus</span> <span class='ocrx_word' id='word_1_152' title='bbox 2691 1981 2958 2046; x_wconf 88' lang='lat' dir='ltr'>daemo-</span> 
     </span>
     <span class='ocr_line' id='line_1_17' title="bbox 341 2086 2960 2175; baseline -0 -23"><span class='ocrx_word' id='word_1_153' title='bbox 341 2109 472 2165; x_wconf 62' lang='lat' dir='ltr'>nes</span> <span class='ocrx_word' id='word_1_154' title='bbox 506 2090 615 2172; x_wconf 91' lang='lat' dir='ltr'>qui</span> <span class='ocrx_word' id='word_1_155' title='bbox 646 2091 1047 2155; x_wconf 85' lang='lat' dir='ltr'>circumeunt</span> <span class='ocrx_word' id='word_1_156' title='bbox 1078 2095 1483 2172; x_wconf 78' lang='lat' dir='ltr'>quaerenteS,</span> <span class='ocrx_word' id='word_1_157' title='bbox 1511 2107 1703 2172; x_wconf 90' lang='lat' dir='ltr'>quem</span> <span class='ocrx_word' id='word_1_158' title='bbox 1736 2088 2046 2152; x_wconf 89' lang='lat' dir='ltr'>devorent</span> <span class='ocrx_word' id='word_1_159' title='bbox 2077 2088 2161 2173; x_wconf 87' lang='lat'>(1.</span> <span class='ocrx_word' id='word_1_160' title='bbox 2196 2086 2361 2151; x_wconf 89' lang='lat' dir='ltr'>Petr.</span> <span class='ocrx_word' id='word_1_161' title='bbox 2395 2093 2454 2164; x_wconf 84' lang='lat'>5,</span> <span class='ocrx_word' id='word_1_162' title='bbox 2489 2091 2574 2175; x_wconf 80' lang='lat'>8),</span> <span class='ocrx_word' id='word_1_163' title='bbox 2623 2095 2687 2154; x_wconf 92' lang='lat' dir='ltr'>et</span> <span class='ocrx_word' id='word_1_164' title='bbox 2732 2095 2960 2152; x_wconf 91' lang='lat' dir='ltr'>contra</span> 
     </span>
     <span class='ocr_line' id='line_1_18' title="bbox 341 2194 2960 2278; baseline -0 -18"><span class='ocrx_word' id='word_1_165' title='bbox 341 2217 565 2261; x_wconf 87' lang='lat' dir='ltr'>eorum</span> <span class='ocrx_word' id='word_1_166' title='bbox 599 2204 1006 2278; x_wconf 87' lang='lat' dir='ltr'>potestatem,</span> <span class='ocrx_word' id='word_1_167' title='bbox 1038 2198 1350 2274; x_wconf 80' lang='lat' dir='ltr'>incursuS,</span> <span class='ocrx_word' id='word_1_168' title='bbox 1383 2196 1845 2272; x_wconf 66' lang='lat' dir='ltr'>infestationes</span> <span class='ocrx_word' id='word_1_169' title='bbox 1895 2196 2424 2277; x_wconf 56' lang='lat' dir='ltr'>impugnationes</span> <span class='ocrx_word' id='word_1_170' title='bbox 2467 2194 2700 2277; x_wconf 92' lang='lat' dir='ltr'>quibus</span> <span class='ocrx_word' id='word_1_171' title='bbox 2744 2196 2960 2260; x_wconf 92' lang='lat' dir='ltr'>nitun-</span> 
     </span>
     <span class='ocr_line' id='line_1_19' title="bbox 341 2303 2959 2380; baseline 0 -14"><span class='ocrx_word' id='word_1_172' title='bbox 341 2313 443 2369; x_wconf 86' lang='lat' dir='ltr'>tur</span> <span class='ocrx_word' id='word_1_173' title='bbox 475 2304 845 2369; x_wconf 87' lang='lat' dir='ltr'>hominibus</span> <span class='ocrx_word' id='word_1_174' title='bbox 878 2304 1247 2370; x_wconf 87' lang='lat' dir='ltr'>immediate</span> <span class='ocrx_word' id='word_1_175' title='bbox 1278 2304 1380 2369; x_wconf 88' lang='lat' dir='ltr'>vel</span> <span class='ocrx_word' id='word_1_176' title='bbox 1412 2303 1709 2379; x_wconf 90' lang='lat' dir='ltr'>mediate,</span> <span class='ocrx_word' id='word_1_177' title='bbox 1745 2304 1987 2368; x_wconf 84' lang='lat' dir='ltr'>directe</span> <span class='ocrx_word' id='word_1_178' title='bbox 2018 2303 2118 2367; x_wconf 84' lang='lat' dir='ltr'>vel</span> <span class='ocrx_word' id='word_1_179' title='bbox 2150 2303 2458 2368; x_wconf 90' lang='lat' dir='ltr'>indirecte</span> <span class='ocrx_word' id='word_1_180' title='bbox 2481 2303 2544 2366; x_wconf 93' lang='lat' dir='ltr'>in</span> <span class='ocrx_word' id='word_1_181' title='bbox 2565 2304 2798 2380; x_wconf 88' lang='lat' dir='ltr'>anima,</span> <span class='ocrx_word' id='word_1_182' title='bbox 2815 2320 2959 2367; x_wconf 90' lang='lat' dir='ltr'>cor·</span> 
     </span>
     <span class='ocr_line' id='line_1_20' title="bbox 346 2410 2962 2492; baseline 0 -19"><span class='ocrx_word' id='word_1_183' title='bbox 346 2411 627 2492; x_wconf 87' lang='lat' dir='ltr'>poribus,</span> <span class='ocrx_word' id='word_1_184' title='bbox 661 2411 854 2475; x_wconf 92' lang='lat' dir='ltr'>bonis</span> <span class='ocrx_word' id='word_1_185' title='bbox 888 2412 1168 2477; x_wconf 81' lang='lat' dir='ltr'>externis</span> <span class='ocrx_word' id='word_1_186' title='bbox 1199 2429 1450 2475; x_wconf 89' lang='lat' dir='ltr'>nocere.</span> <span class='ocrx_word' id='word_1_187' title='bbox 1501 2411 1660 2475; x_wconf 90' lang='lat' dir='ltr'>Hinc</span> <span class='ocrx_word' id='word_1_188' title='bbox 1692 2410 2014 2475; x_wconf 88' lang='lat' dir='ltr'>Ecclesiae</span> <span class='ocrx_word' id='word_1_189' title='bbox 2046 2410 2492 2474; x_wconf 88' lang='lat' dir='ltr'>benedictione</span> <span class='ocrx_word' id='word_1_190' title='bbox 2525 2417 2589 2474; x_wconf 90' lang='lat' dir='ltr'>et</span> <span class='ocrx_word' id='word_1_191' title='bbox 2618 2427 2962 2474; x_wconf 89' lang='lat' dir='ltr'>consecra-</span> 
     </span>
     <span class='ocr_line' id='line_1_21' title="bbox 350 2516 2963 2600; baseline -0 -19"><span class='ocrx_word' id='word_1_192' title='bbox 350 2519 524 2582; x_wconf 84' lang='lat' dir='ltr'>tione</span> <span class='ocrx_word' id='word_1_193' title='bbox 577 2523 883 2583; x_wconf 88' lang='lat' dir='ltr'>creatura</span> <span class='ocrx_word' id='word_1_194' title='bbox 930 2518 1400 2600; x_wconf 88' lang='lat' dir='ltr'>quadamtenus</span> <span class='ocrx_word' id='word_1_195' title='bbox 1450 2537 1566 2600; x_wconf 91' lang='lat' dir='ltr'>per</span> <span class='ocrx_word' id='word_1_196' title='bbox 1621 2517 1950 2599; x_wconf 90' lang='lat' dir='ltr'>quandam</span> <span class='ocrx_word' id='word_1_197' title='bbox 1997 2517 2520 2599; x_wconf 90' lang='lat' dir='ltr'>anticipationem</span> <span class='ocrx_word' id='word_1_198' title='bbox 2569 2516 2873 2580; x_wconf 88' lang='lat' dir='ltr'>liberatur</span> <span class='ocrx_word' id='word_1_199' title='bbox 2922 2535 2963 2580; x_wconf 88' lang='lat' dir='ltr'>a</span> 
     </span>
     <span class='ocr_line' id='line_1_22' title="bbox 346 2622 2962 2709; baseline 0 -21"><span class='ocrx_word' id='word_1_200' title='bbox 346 2625 706 2703; x_wconf 86' lang='lat' dir='ltr'>maledicto,</span> <span class='ocrx_word' id='word_1_201' title='bbox 740 2626 844 2690; x_wconf 88' lang='lat' dir='ltr'>cui</span> <span class='ocrx_word' id='word_1_202' title='bbox 875 2626 1157 2691; x_wconf 86' lang='lat' dir='ltr'>obnoxia</span> <span class='ocrx_word' id='word_1_203' title='bbox 1186 2632 1455 2709; x_wconf 87' lang='lat' dir='ltr'>peccato</span> <span class='ocrx_word' id='word_1_204' title='bbox 1489 2625 1658 2692; x_wconf 86' lang='lat' dir='ltr'>sacta</span> <span class='ocrx_word' id='word_1_205' title='bbox 1692 2631 1807 2701; x_wconf 87' lang='lat' dir='ltr'>est,</span> <span class='ocrx_word' id='word_1_206' title='bbox 1841 2631 1905 2690; x_wconf 88' lang='lat' dir='ltr'>et</span> <span class='ocrx_word' id='word_1_207' title='bbox 1923 2625 2207 2690; x_wconf 89' lang='lat' dir='ltr'>redditur</span> <span class='ocrx_word' id='word_1_208' title='bbox 2236 2624 2730 2689; x_wconf 88' lang='lat' dir='ltr'>instrumentum</span> <span class='ocrx_word' id='word_1_209' title='bbox 2761 2622 2962 2688; x_wconf 91' lang='lat' dir='ltr'>bene-</span> 
     </span>
     <span class='ocr_line' id='line_1_23' title="bbox 347 2733 1006 2798; baseline 0.003 -4"><span class='ocrx_word' id='word_1_210' title='bbox 347 2733 639 2798; x_wconf 86' lang='lat' dir='ltr'>dictionis</span> <span class='ocrx_word' id='word_1_211' title='bbox 672 2741 738 2798; x_wconf 93' lang='lat' dir='ltr'>et</span> <span class='ocrx_word' id='word_1_212' title='bbox 768 2733 1006 2798; x_wconf 81' lang='lat' dir='ltr'>salutis</span> 
     </span>
    </p>
   </div>
   <div class='ocr_carea' id='block_1_4' title="bbox 343 2854 2969 4012">
    <p class='ocr_par' dir='ltr' id='par_1_4' title="bbox 343 2854 2969 4012">
     <span class='ocr_line' id='line_1_24' title="bbox 522 2854 2964 2939; baseline -0.002 -17"><span class='ocrx_word' id='word_1_213' title='bbox 522 2857 820 2939; x_wconf 92' lang='lat' dir='ltr'>Denique</span> <span class='ocrx_word' id='word_1_214' title='bbox 858 2857 1153 2939; x_wconf 87' lang='lat' dir='ltr'>specialis</span> <span class='ocrx_word' id='word_1_215' title='bbox 1170 2857 1734 2922; x_wconf 87' lang='lat' dir='ltr'>sacramentalium</span> <span class='ocrx_word' id='word_1_216' title='bbox 1767 2856 2157 2920; x_wconf 82' lang='lat' dir='ltr'>efficacia</span> <span class='ocrx_word' id='word_1_217' title='bbox 2190 2854 2416 2937; x_wconf 90' lang='lat' dir='ltr'>triplici</span> <span class='ocrx_word' id='word_1_218' title='bbox 2449 2856 2737 2921; x_wconf 89' lang='lat' dir='ltr'>innititur</span> <span class='ocrx_word' id='word_1_219' title='bbox 2751 2854 2964 2918; x_wconf 89' lang='lat' dir='ltr'>titulo:</span> 
     </span>
     <span class='ocr_line' id='line_1_25' title="bbox 349 2960 2966 3045; baseline -0.003 -13"><span class='ocrx_word' id='word_1_220' title='bbox 349 2985 409 3032; x_wconf 83' lang='lat' dir='ltr'>a.</span> <span class='ocrx_word' id='word_1_221' title='bbox 443 2964 665 3029; x_wconf 88' lang='lat' dir='ltr'>virtuti</span> <span class='ocrx_word' id='word_1_222' title='bbox 700 2964 1167 3045; x_wconf 87' lang='lat' dir='ltr'>impetrationis</span> <span class='ocrx_word' id='word_1_223' title='bbox 1199 2964 1524 3028; x_wconf 82' lang='lat' dir='ltr'>Ecclesiae</span> <span class='ocrx_word' id='word_1_224' title='bbox 1571 2963 2066 3028; x_wconf 84' lang='lat' dir='ltr'>sacramentalia</span> <span class='ocrx_word' id='word_1_225' title='bbox 2096 2962 2514 3037; x_wconf 85' lang='lat' dir='ltr'>instituentis;</span> <span class='ocrx_word' id='word_1_226' title='bbox 2560 2964 2630 3030; x_wconf 84' lang='lat' dir='ltr'>b.</span> <span class='ocrx_word' id='word_1_227' title='bbox 2660 2960 2966 3043; x_wconf 87' lang='lat' dir='ltr'>potestati</span> 
     </span>
     <span class='ocr_line' id='line_1_26' title="bbox 349 3066 2965 3153; baseline -0.002 -19"><span class='ocrx_word' id='word_1_228' title='bbox 349 3071 606 3152; x_wconf 88' lang='lat' dir='ltr'>speciali</span> <span class='ocrx_word' id='word_1_229' title='bbox 638 3070 966 3136; x_wconf 90' lang='lat' dir='ltr'>Ecclesiae</span> <span class='ocrx_word' id='word_1_230' title='bbox 999 3072 1191 3136; x_wconf 89' lang='lat' dir='ltr'>datae</span> <span class='ocrx_word' id='word_1_231' title='bbox 1225 3070 1533 3136; x_wconf 90' lang='lat' dir='ltr'>adversus</span> <span class='ocrx_word' id='word_1_232' title='bbox 1579 3070 1948 3147; x_wconf 78' lang='lat' dir='ltr'>daemoneS,</span> <span class='ocrx_word' id='word_1_233' title='bbox 1982 3071 2089 3153; x_wconf 92' lang='lat' dir='ltr'>qui</span> <span class='ocrx_word' id='word_1_234' title='bbox 2120 3071 2179 3135; x_wconf 91' lang='lat' dir='ltr'>ei</span> <span class='ocrx_word' id='word_1_235' title='bbox 2210 3070 2439 3134; x_wconf 85' lang='lat' dir='ltr'>cedere</span> <span class='ocrx_word' id='word_1_236' title='bbox 2473 3088 2551 3133; x_wconf 80' lang='lat' dir='ltr'>ex</span> <span class='ocrx_word' id='word_1_237' title='bbox 2583 3068 2816 3134; x_wconf 88' lang='lat' dir='ltr'>Christi</span> <span class='ocrx_word' id='word_1_238' title='bbox 2846 3066 2965 3132; x_wconf 94' lang='lat' dir='ltr'>ob-</span> 
     </span>
     <span class='ocr_line' id='line_1_27' title="bbox 343 3176 2966 3261; baseline -0.001 -21"><span class='ocrx_word' id='word_1_239' title='bbox 343 3178 625 3258; x_wconf 83' lang='lat' dir='ltr'>ligantur</span> <span class='ocrx_word' id='word_1_240' title='bbox 656 3178 1030 3254; x_wconf 78' lang='lat' dir='ltr'>voluntate3</span> <span class='ocrx_word' id='word_1_241' title='bbox 1082 3198 1143 3248; x_wconf 82' lang='lat' dir='ltr'>c.</span> <span class='ocrx_word' id='word_1_242' title='bbox 1175 3179 1295 3261; x_wconf 91' lang='lat' dir='ltr'>ipsi</span> <span class='ocrx_word' id='word_1_243' title='bbox 1328 3177 1537 3242; x_wconf 88' lang='lat' dir='ltr'>crucis</span> <span class='ocrx_word' id='word_1_244' title='bbox 1570 3185 1636 3242; x_wconf 91' lang='lat' dir='ltr'>et</span> <span class='ocrx_word' id='word_1_245' title='bbox 1665 3178 1943 3241; x_wconf 89' lang='lat' dir='ltr'>nominis</span> <span class='ocrx_word' id='word_1_246' title='bbox 1975 3176 2209 3242; x_wconf 87' lang='lat' dir='ltr'>Christi</span> <span class='ocrx_word' id='word_1_247' title='bbox 2236 3176 2472 3252; x_wconf 86' lang='lat' dir='ltr'>virtuti,</span> <span class='ocrx_word' id='word_1_248' title='bbox 2505 3194 2671 3258; x_wconf 89' lang='lat' dir='ltr'>quae</span> <span class='ocrx_word' id='word_1_249' title='bbox 2702 3176 2966 3238; x_wconf 88' lang='lat' dir='ltr'>invoca-</span> 
     </span>
     <span class='ocr_line' id='line_1_28' title="bbox 346 3282 2967 3366; baseline -0.002 -17"><span class='ocrx_word' id='word_1_250' title='bbox 346 3293 465 3363; x_wconf 87' lang='lat' dir='ltr'>tur,</span> <span class='ocrx_word' id='word_1_251' title='bbox 498 3286 656 3351; x_wconf 89' lang='lat' dir='ltr'>dum</span> <span class='ocrx_word' id='word_1_252' title='bbox 688 3285 1117 3351; x_wconf 86' lang='lat' dir='ltr'>conficiuntur</span> <span class='ocrx_word' id='word_1_253' title='bbox 1148 3287 1247 3350; x_wconf 90' lang='lat' dir='ltr'>vel</span> <span class='ocrx_word' id='word_1_254' title='bbox 1268 3285 1668 3350; x_wconf 89' lang='lat' dir='ltr'>adhibentur.</span> <span class='ocrx_word' id='word_1_255' title='bbox 1702 3285 1794 3348; x_wconf 90' lang='lat' dir='ltr'>Ea</span> <span class='ocrx_word' id='word_1_256' title='bbox 1824 3303 1977 3349; x_wconf 87' lang='lat' dir='ltr'>vero</span> <span class='ocrx_word' id='word_1_257' title='bbox 2010 3303 2142 3348; x_wconf 93' lang='lat' dir='ltr'>non</span> <span class='ocrx_word' id='word_1_258' title='bbox 2173 3285 2421 3348; x_wconf 87' lang='lat' dir='ltr'>videtur</span> <span class='ocrx_word' id='word_1_259' title='bbox 2452 3302 2570 3366; x_wconf 87' lang='lat' dir='ltr'>pro</span> <span class='ocrx_word' id='word_1_260' title='bbox 2604 3282 2779 3347; x_wconf 93' lang='lat' dir='ltr'>omni</span> <span class='ocrx_word' id='word_1_261' title='bbox 2811 3298 2967 3344; x_wconf 92' lang='lat' dir='ltr'>casu</span> 
     </span>
     <span class='ocr_line' id='line_1_29' title="bbox 349 3390 2968 3476; baseline -0.001 -20"><span class='ocrx_word' id='word_1_262' title='bbox 349 3392 727 3467; x_wconf 79' lang='lat' dir='ltr'>infallibili33</span> <span class='ocrx_word' id='word_1_263' title='bbox 760 3400 1087 3476; x_wconf 86' lang='lat' dir='ltr'>quatenus</span> <span class='ocrx_word' id='word_1_264' title='bbox 1121 3400 1338 3459; x_wconf 90' lang='lat' dir='ltr'>tamen</span> <span class='ocrx_word' id='word_1_265' title='bbox 1359 3393 1794 3474; x_wconf 88' lang='lat' dir='ltr'>independens</span> <span class='ocrx_word' id='word_1_266' title='bbox 1827 3398 1925 3457; x_wconf 86' lang='lat' dir='ltr'>est</span> <span class='ocrx_word' id='word_1_267' title='bbox 1956 3391 2040 3455; x_wconf 91' lang='lat' dir='ltr'>ab</span> <span class='ocrx_word' id='word_1_268' title='bbox 2072 3410 2267 3474; x_wconf 91' lang='lat' dir='ltr'>opere</span> <span class='ocrx_word' id='word_1_269' title='bbox 2300 3391 2626 3472; x_wconf 88' lang='lat' dir='ltr'>operantis</span> <span class='ocrx_word' id='word_1_270' title='bbox 2658 3396 2723 3455; x_wconf 94' lang='lat' dir='ltr'>et</span> <span class='ocrx_word' id='word_1_271' title='bbox 2752 3390 2968 3454; x_wconf 89' lang='lat' dir='ltr'>inniti-</span> 
     </span>
     <span class='ocr_line' id='line_1_30' title="bbox 349 3495 2969 3582; baseline -0.002 -19"><span class='ocrx_word' id='word_1_272' title='bbox 349 3510 449 3564; x_wconf 91' lang='lat' dir='ltr'>tur</span> <span class='ocrx_word' id='word_1_273' title='bbox 501 3501 813 3582; x_wconf 86' lang='lat' dir='ltr'>dignitate</span> <span class='ocrx_word' id='word_1_274' title='bbox 847 3507 911 3565; x_wconf 93' lang='lat' dir='ltr'>et</span> <span class='ocrx_word' id='word_1_275' title='bbox 941 3500 1326 3564; x_wconf 88' lang='lat' dir='ltr'>auctoritate</span> <span class='ocrx_word' id='word_1_276' title='bbox 1360 3500 1698 3575; x_wconf 82' lang='lat' dir='ltr'>Ecclesiae,</span> <span class='ocrx_word' id='word_1_277' title='bbox 1747 3500 2090 3582; x_wconf 87' lang='lat' dir='ltr'>participat</span> <span class='ocrx_word' id='word_1_278' title='bbox 2138 3499 2374 3581; x_wconf 91' lang='lat' dir='ltr'>aliquid</span> <span class='ocrx_word' id='word_1_279' title='bbox 2425 3499 2506 3563; x_wconf 91' lang='lat' dir='ltr'>de</span> <span class='ocrx_word' id='word_1_280' title='bbox 2554 3495 2839 3562; x_wconf 86' lang='lat' dir='ltr'>efficacia</span> <span class='ocrx_word' id='word_1_281' title='bbox 2888 3515 2969 3560; x_wconf 82' lang='lat' dir='ltr'>ex</span> 
     </span>
     <span class='ocr_line' id='line_1_31' title="bbox 350 3603 2968 3689; baseline -0.002 -18"><span class='ocrx_word' id='word_1_282' title='bbox 350 3626 547 3688; x_wconf 86' lang='lat' dir='ltr'>opere</span> <span class='ocrx_word' id='word_1_283' title='bbox 580 3613 871 3689; x_wconf 91' lang='lat' dir='ltr'>operato.</span> <span class='ocrx_word' id='word_1_284' title='bbox 937 3607 1070 3670; x_wconf 84' lang='lat' dir='ltr'>[mo</span> <span class='ocrx_word' id='word_1_285' title='bbox 1100 3624 1231 3670; x_wconf 91' lang='lat' dir='ltr'>non</span> <span class='ocrx_word' id='word_1_286' title='bbox 1266 3607 1514 3683; x_wconf 88' lang='lat' dir='ltr'>desunt,</span> <span class='ocrx_word' id='word_1_287' title='bbox 1549 3606 1782 3688; x_wconf 91' lang='lat' dir='ltr'>quibus</span> <span class='ocrx_word' id='word_1_288' title='bbox 1813 3606 1976 3671; x_wconf 90' lang='lat' dir='ltr'>haec</span> <span class='ocrx_word' id='word_1_289' title='bbox 2007 3604 2322 3670; x_wconf 83' lang='lat' dir='ltr'>sentiendi</span> <span class='ocrx_word' id='word_1_290' title='bbox 2352 3603 2783 3686; x_wconf 91' lang='lat' dir='ltr'>loquendique</span> <span class='ocrx_word' id='word_1_291' title='bbox 2801 3603 2968 3666; x_wconf 89' lang='lat' dir='ltr'>ratio</span> 
     </span>
     <span class='ocr_line' id='line_1_32' title="bbox 352 3709 2969 3795; baseline -0.002 -18"><span class='ocrx_word' id='word_1_292' title='bbox 352 3714 606 3790; x_wconf 85' lang='lat' dir='ltr'>arridet,</span> <span class='ocrx_word' id='word_1_293' title='bbox 641 3713 1144 3779; x_wconf 88' lang='lat' dir='ltr'>sacramentalia</span> <span class='ocrx_word' id='word_1_294' title='bbox 1189 3713 1443 3794; x_wconf 89' lang='lat' dir='ltr'>operari</span> <span class='ocrx_word' id='word_1_295' title='bbox 1489 3733 1567 3778; x_wconf 86' lang='lat' dir='ltr'>ex</span> <span class='ocrx_word' id='word_1_296' title='bbox 1616 3731 1812 3795; x_wconf 91' lang='lat' dir='ltr'>opere</span> <span class='ocrx_word' id='word_1_297' title='bbox 1859 3719 2223 3794; x_wconf 91' lang='lat' dir='ltr'>operat0,</span> <span class='ocrx_word' id='word_1_298' title='bbox 2270 3712 2443 3793; x_wconf 93' lang='lat' dir='ltr'>quod</span> <span class='ocrx_word' id='word_1_299' title='bbox 2492 3710 2721 3773; x_wconf 90' lang='lat' dir='ltr'>saltem</span> <span class='ocrx_word' id='word_1_300' title='bbox 2753 3709 2969 3790; x_wconf 91' lang='lat' dir='ltr'>quoad</span> 
     </span>
     <span class='ocr_line' id='line_1_33' title="bbox 348 3817 2969 3898; baseline -0.002 -15"><span class='ocrx_word' id='word_1_301' title='bbox 348 3821 1045 3886; x_wconf 87' lang='lat' dir='ltr'>consecrationes</span> <span class='ocrx_word' id='word_1_302' title='bbox 1077 3827 1141 3885; x_wconf 90' lang='lat' dir='ltr'>et</span> <span class='ocrx_word' id='word_1_303' title='bbox 1188 3820 1829 3885; x_wconf 90' lang='lat' dir='ltr'>benedictiones</span> <span class='ocrx_word' id='word_1_304' title='bbox 1861 3820 2325 3896; x_wconf 68' lang='lat' dir='ltr'>constitutivas</span> <span class='ocrx_word' id='word_1_305' title='bbox 2361 3818 2521 3883; x_wconf 85' lang='lat' dir='ltr'>sorte</span> <span class='ocrx_word' id='word_1_306' title='bbox 2542 3817 2735 3883; x_wconf 90' lang='lat' dir='ltr'>etiam</span> <span class='ocrx_word' id='word_1_307' title='bbox 2755 3817 2969 3898; x_wconf 88' lang='lat' dir='ltr'>quoad</span> 
     </span>
     <span class='ocr_line' id='line_1_34' title="bbox 347 3927 1859 4012; baseline -0.001 -21"><span class='ocrx_word' id='word_1_308' title='bbox 347 3927 662 4009; x_wconf 88' lang='lat' dir='ltr'>quosdam</span> <span class='ocrx_word' id='word_1_309' title='bbox 695 3928 1223 4001; x_wconf 59' lang='lat' dir='ltr'>exorcismos</span> <span class='ocrx_word' id='word_1_310' title='bbox 1260 3927 1530 3990; x_wconf 87' lang='lat' dir='ltr'>concedi</span> <span class='ocrx_word' id='word_1_311' title='bbox 1563 3933 1780 4008; x_wconf 88' lang='lat' dir='ltr'>potest</span> <span class='ocrx_word' id='word_1_312' title='bbox 1793 3929 1859 4012; x_wconf 84' lang='lat'>¹).</span> 
     </span>
    </p>
   </div>
   <div class='ocr_carea' id='block_1_5' title="bbox 1051 4124 2267 4311">
    <p class='ocr_par' dir='ltr' id='par_1_5' title="bbox 1051 4124 2267 4311">
     <span class='ocr_line' id='line_1_35' title="bbox 1323 4124 2027 4194; baseline 0.006 -4"><span class='ocrx_word' id='word_1_313' title='bbox 1323 4125 1837 4191; x_wconf 82' lang='lat' dir='ltr'>Articulus</span> <span class='ocrx_word' id='word_1_314' title='bbox 1886 4124 2027 4194; x_wconf 91' lang='lat'>111.</span> 
     </span>
     <span class='ocr_line' id='line_1_36' title="bbox 1051 4247 2267 4311; baseline -0.002 0"><span class='ocrx_word' id='word_1_315' title='bbox 1051 4247 1156 4311; x_wconf 92' lang='lat' dir='ltr'>De</span> <span class='ocrx_word' id='word_1_316' title='bbox 1204 4253 1927 4311; x_wconf 89' lang='lat' dir='ltr'>sacramentorum</span> <span class='ocrx_word' id='word_1_317' title='bbox 1975 4247 2267 4310; x_wconf 88' lang='lat' dir='ltr'>causis.</span> 
     </span>
    </p>
   </div>
   <div class='ocr_carea' id='block_1_6' title="bbox 357 4369 2972 4567">
    <p class='ocr_par' dir='ltr' id='par_1_6' title="bbox 357 4369 2972 4567">
     <span class='ocr_line' id='line_1_37' title="bbox 527 4369 2972 4458; baseline -0.004 -17"><span class='ocrx_word' id='word_1_318' title='bbox 527 4379 674 4443; x_wconf 74' lang='lat'>280.</span> <span class='ocrx_word' id='word_1_319' title='bbox 709 4372 808 4437; x_wconf 85' lang='lat' dir='ltr'>De</span> <span class='ocrx_word' id='word_1_320' title='bbox 857 4376 1122 4438; x_wconf 79' lang='lat' dir='ltr'>materia</span> <span class='ocrx_word' id='word_1_321' title='bbox 1168 4381 1223 4437; x_wconf 79' lang='lat' dir='ltr'>et</span> <span class='ocrx_word' id='word_1_322' title='bbox 1267 4375 1500 4458; x_wconf 76' lang='lat' dir='ltr'>forma.</span> <span class='ocrx_word' id='word_1_323' title='bbox 1547 4412 1632 4421; x_wconf 94' lang='lat'>—</span> <span class='ocrx_word' id='word_1_324' title='bbox 1669 4371 2237 4437; x_wconf 88' lang='lat' dir='ltr'>Sacramentorum</span> <span class='ocrx_word' id='word_1_325' title='bbox 2288 4388 2488 4435; x_wconf 84' lang='lat' dir='ltr'>causa</span> <span class='ocrx_word' id='word_1_326' title='bbox 2538 4369 2824 4434; x_wconf 82' lang='lat' dir='ltr'>finalis</span> <span class='ocrx_word' id='word_1_327' title='bbox 2875 4376 2972 4433; x_wconf 81' lang='lat' dir='ltr'>est</span> 
     </span>
     <span class='ocr_line' id='line_1_38' title="bbox 357 4477 2971 4567; baseline -0.002 -25"><span class='ocrx_word' id='word_1_328' title='bbox 357 4480 692 4545; x_wconf 82' lang='lat' dir='ltr'>hominum</span> <span class='ocrx_word' id='word_1_329' title='bbox 718 4479 1090 4561; x_wconf 81' lang='lat' dir='ltr'>justificatio</span> <span class='ocrx_word' id='word_1_330' title='bbox 1122 4482 1208 4567; x_wconf 89' lang='lat' dir='ltr'>(n.</span> <span class='ocrx_word' id='word_1_331' title='bbox 1243 4481 1433 4567; x_wconf 71' lang='lat'>5267);</span> <span class='ocrx_word' id='word_1_332' title='bbox 1467 4479 1977 4561; x_wconf 82' lang='lat' dir='ltr'>exemplaris</span> <span class='ocrx_word' id='word_1_333' title='bbox 2009 4478 2218 4560; x_wconf 89' lang='lat' dir='ltr'>ipsum</span> <span class='ocrx_word' id='word_1_334' title='bbox 2248 4477 2535 4542; x_wconf 90' lang='lat' dir='ltr'>Verbum</span> <span class='ocrx_word' id='word_1_335' title='bbox 2567 4478 2971 4540; x_wconf 89' lang='lat' dir='ltr'>incarnatum</span> 
     </span>
    </p>
   </div>
   <div class='ocr_carea' id='block_1_7' title="bbox 541 4611 742 4616">
    <p class='ocr_par' dir='ltr' id='par_1_7' title="bbox 541 4611 742 4616">
     <span class='ocr_line' id='line_1_39' title="bbox 541 4611 742 4616; baseline 0 0"><span class='ocrx_word' id='word_1_336' title='bbox 541 4611 742 4616; x_wconf 95' lang='lat' dir='ltr'> </span> 
     </span>
    </p>
   </div>
   <div class='ocr_carea' id='block_1_8' title="bbox 362 4669 2976 4824">
    <p class='ocr_par' dir='ltr' id='par_1_8' title="bbox 362 4669 2976 4824">
     <span class='ocr_line' id='line_1_40' title="bbox 573 4669 2971 4744; baseline -0.003 -16"><span class='ocrx_word' id='word_1_337' title='bbox 573 4679 608 4742; x_wconf 89' lang='lat'>¹)</span> <span class='ocrx_word' id='word_1_338' title='bbox 638 4674 720 4728; x_wconf 83' lang='lat' dir='ltr'>Cf.</span> <span class='ocrx_word' id='word_1_339' title='bbox 750 4692 852 4744; x_wconf 85' lang='lat' dir='ltr'>pro</span> <span class='ocrx_word' id='word_1_340' title='bbox 882 4675 988 4729; x_wconf 85' lang='lat' dir='ltr'>hac</span> <span class='ocrx_word' id='word_1_341' title='bbox 1015 4673 1295 4729; x_wconf 74' lang='lat' dir='ltr'>sententia.</span> <span class='ocrx_word' id='word_1_342' title='bbox 1323 4691 1458 4744; x_wconf 87' lang='lat' dir='ltr'>prae</span> <span class='ocrx_word' id='word_1_343' title='bbox 1489 4672 1688 4744; x_wconf 84' lang='lat' dir='ltr'>primis</span> <span class='ocrx_word' id='word_1_344' title='bbox 1723 4675 1757 4725; x_wconf 80' lang='lat' dir='ltr'>S</span> <span class='ocrx_word' id='word_1_345' title='bbox 1776 4689 1803 4724; x_wconf 90' lang='lat' dir='ltr'>c</span> <span class='ocrx_word' id='word_1_346' title='bbox 1821 4671 2017 4726; x_wconf 89' lang='lat' dir='ltr'>hmid</span> <span class='ocrx_word' id='word_1_347' title='bbox 2050 4670 2149 4723; x_wconf 88' lang='lat' dir='ltr'>Die</span> <span class='ocrx_word' id='word_1_348' title='bbox 2178 4669 2659 4724; x_wconf 69' lang='lat' dir='ltr'>Sacramentalien</span> <span class='ocrx_word' id='word_1_349' title='bbox 2686 4669 2786 4722; x_wconf 86' lang='lat' dir='ltr'>der</span> <span class='ocrx_word' id='word_1_350' title='bbox 2814 4669 2971 4722; x_wconf 85' lang='lat' dir='ltr'>kath.</span> 
     </span>
     <span class='ocr_line' id='line_1_41' title="bbox 362 4748 2976 4824; baseline -0.002 -17"><span class='ocrx_word' id='word_1_351' title='bbox 362 4753 584 4818; x_wconf 86' lang='lat' dir='ltr'>Kirche,</span> <span class='ocrx_word' id='word_1_352' title='bbox 616 4754 821 4808; x_wconf 80' lang='lat' dir='ltr'>Brixen</span> <span class='ocrx_word' id='word_1_353' title='bbox 855 4759 1020 4811; x_wconf 83' lang='lat'>1896:</span> <span class='ocrx_word' id='word_1_354' title='bbox 1049 4758 1106 4807; x_wconf 79' lang='lat' dir='ltr'>et</span> <span class='ocrx_word' id='word_1_355' title='bbox 1131 4755 1446 4824; x_wconf 81' lang='lat' dir='ltr'>generatim</span> <span class='ocrx_word' id='word_1_356' title='bbox 1469 4754 1537 4807; x_wconf 87' lang='lat' dir='ltr'>de</span> <span class='ocrx_word' id='word_1_357' title='bbox 1558 4755 1665 4808; x_wconf 88' lang='lat' dir='ltr'>hoc</span> <span class='ocrx_word' id='word_1_358' title='bbox 1685 4753 2026 4822; x_wconf 81' lang='lat' dir='ltr'>argumento</span> <span class='ocrx_word' id='word_1_359' title='bbox 2054 4751 2089 4805; x_wconf 88' lang='lat' dir='ltr'>S</span> <span class='ocrx_word' id='word_1_360' title='bbox 2107 4769 2144 4804; x_wconf 88' lang='lat' dir='ltr'>u</span> <span class='ocrx_word' id='word_1_361' title='bbox 2161 4766 2191 4802; x_wconf 89' lang='lat' dir='ltr'>a</span> <span class='ocrx_word' id='word_1_362' title='bbox 2210 4768 2236 4802; x_wconf 88' lang='lat' dir='ltr'>r</span> <span class='ocrx_word' id='word_1_363' title='bbox 2252 4766 2281 4803; x_wconf 92' lang='lat' dir='ltr'>e</span> <span class='ocrx_word' id='word_1_364' title='bbox 2299 4768 2326 4801; x_wconf 88' lang='lat' dir='ltr'><strong>z</strong></span> <span class='ocrx_word' id='word_1_365' title='bbox 2353 4749 2406 4804; x_wconf 89' lang='lat' dir='ltr'>d.</span> <span class='ocrx_word' id='word_1_366' title='bbox 2442 4758 2501 4804; x_wconf 82' lang='lat'>15</span> <span class='ocrx_word' id='word_1_367' title='bbox 2529 4767 2571 4802; x_wconf 88' lang='lat' dir='ltr'>s.</span> <span class='ocrx_word' id='word_1_368' title='bbox 2599 4758 2661 4804; x_wconf 74' lang='lat'>4:</span> <span class='ocrx_word' id='word_1_369' title='bbox 2690 4750 2736 4801; x_wconf 83' lang='lat' dir='ltr'>A</span> <span class='ocrx_word' id='word_1_370' title='bbox 2754 4766 2782 4800; x_wconf 88' lang='lat' dir='ltr'>r</span> <span class='ocrx_word' id='word_1_371' title='bbox 2797 4765 2825 4801; x_wconf 90' lang='lat' dir='ltr'>e</span> <span class='ocrx_word' id='word_1_372' title='bbox 2843 4767 2879 4801; x_wconf 91' lang='lat' dir='ltr'>n</span> <span class='ocrx_word' id='word_1_373' title='bbox 2897 4748 2933 4801; x_wconf 90' lang='lat' dir='ltr'>d</span> <span class='ocrx_word' id='word_1_374' title='bbox 2951 4752 2976 4802; x_wconf 79' lang='lat' dir='ltr'>t</span> 
     </span>
    </p>
   </div>
  </div>
 </body>
</html>
