3538 5364
1494 323 1870 378 beatitudine.
2855 332 2987 397 633

356 515 618 574 sectione
650 532 747 573 eas
779 530 900 572 non
943 511 1107 571 entia
1151 511 1448 581 dixerunt,
1495 509 1580 569 ita
1624 528 1861 569 omnem
1892 508 2203 568 beatorum
2233 508 2519 568 visionem
2551 510 2987 587 comparatione

356 592 520 663 facta
550 622 684 663 cum
716 601 917 661 divina
947 599 1468 677 comprehensione
1498 598 1723 676 negant
1753 616 1883 657 esse
1914 598 2220 658 visionem.
2265 597 2359 656 Ad
2390 618 2517 657 rem
2546 600 2987 676 Epiphanio

364 693 526 753 haer.
568 704 647 756 70
680 711 740 751 n.
776 700 811 754 8
844 692 1168 766 praeeunte
1202 688 1576 748 Petavius
1609 686 1736 758 VII,
1773 697 1808 751 5
1846 682 1879 754 9
1915 698 1985 750 4:
2033 687 2155 757 ,Ut
2186 687 2237 746 si
2269 687 2404 763 quis
2436 707 2596 747 mare
2627 706 2691 748 se
2723 707 2792 748 ex
2825 690 2988 748 edita

376 782 621 858 specula
651 780 871 841 vidisse
903 779 1078 850 dicat,
1111 797 1232 838 non
1264 777 1608 848 mentiatur,
1647 776 1944 853 siquidem
1974 776 2209 838 viderit.
2275 776 2388 837 Sed
2419 795 2612 852 neque
2642 779 2985 850 mentietur,

353 870 471 949 qui
501 890 638 931 eum
671 869 892 930 vidisse
922 868 1246 946 negaverit.
1312 866 1480 934 Vidit
1507 866 1665 927 enim
1707 869 1768 936 et
1814 884 1933 925 non
1964 865 2137 936 vidit,
2184 864 2325 941 quia
2353 867 2553 925 totum
2582 885 2704 927 non
2736 868 2888 928 vidit
2920 887 2987 928 ac

356 960 691 1021 secundum
724 958 1119 1018 dimensiones
1153 974 1400 1017 omnes.
1481 955 1763 1026 ‚Quod
1747 974 1810 1013 ιιι
1842 956 1963 1014 Deo
1994 955 2188 1014 multo
2220 955 2410 1034 magis
2441 955 2638 1016 valere
2669 956 2863 1035 debet,
2911 957 2984 1017 ad

366 1050 540 1126 cujus
560 1049 918 1109 infinitatem
937 1045 1315 1123 quantalibet
1333 1047 1533 1105 nostra
1552 1043 1816 1121 cognitio
1836 1062 1957 1103 non
1977 1046 2071 1102 est
2089 1063 2288 1121 parva,
2323 1043 2425 1103 sed
2445 1041 2675 1105 nulla.‘
2713 1048 2985 1106 Ceterum

358 1158 485 1198 non
516 1155 801 1216 negamus
832 1135 1105 1214 patribus
1138 1133 1392 1195 subinde
1422 1133 1757 1193 excidisse
1742 1153 1806 1192 ιιι
1854 1133 1961 1193 hac
1992 1133 2342 1208 quaestione
2372 1133 2554 1192 verba
2584 1136 2784 1194 minus
2815 1153 2985 1195 accu-

362 1231 512 1300 rata,
558 1228 654 1288 vel
698 1227 927 1301 aliquos
959 1224 1277 1301 scriptores
1309 1226 1538 1283 veteres
1570 1223 1723 1282 forte
1755 1223 1934 1281 etiam
1966 1223 2122 1281 hac'
2107 1242 2170 1281 ιιι
2215 1241 2279 1281 re
2325 1241 2570 1283 errasse.
2633 1225 2714 1284 cf.
2748 1225 2986 1284 Fran-

357 1317 570 1376 zelin
601 1317 674 1375 de
704 1317 824 1375 Deo
855 1332 977 1374 uno
1008 1314 1092 1376 th.
1133 1324 1229 1378 15.
1268 1324 1365 1377 19.

546 1440 693 1505 676.
725 1434 795 1499 Ιιι
825 1435 949 1498 hac
980 1434 1227 1499 visione
1276 1434 1573 1498 consistit
1620 1440 1993 1498 sanctorum
2041 1432 2395 1511 beatitudO,
2444 1440 2516 1497 ut
2564 1433 2879 1515 colligitur
2910 1452 2989 1498 ex

356 1543 575 1607 allatis
608 1541 1006 1617 testimoniis,
1040 1540 1269 1624 quibus
1301 1541 1460 1605 satis
1491 1547 1713 1622 aperte
1743 1539 2119 1606 beatissima
2148 1546 2373 1604 nostra
2402 1541 2468 1603 in
2500 1539 2704 1604 altera
2720 1541 2856 1605 vita
2873 1538 2988 1605 de-

369 1650 673 1715 scribitur
702 1648 1005 1724 conditio,
1038 1654 1105 1714 et
1135 1665 1213 1713 ex
1251 1647 1390 1712 aliis
1422 1648 1689 1730 geminis
1719 1654 1792 1711 ut
1822 1645 1926 1717 Ps.
1965 1652 2066 1722 16,
2104 1651 2216 1716 15:
2266 1644 2585 1731 Satiabor,
2615 1667 2755 1711 cum
2788 1666 2988 1735 appa-

370 1758 572 1821 ruerit
586 1756 794 1839 yloria
827 1762 940 1820 tua
948 1777 978 1837 ,·
1008 1758 1113 1830 35,
1147 1758 1221 1823 9:
1265 1754 1754 1819 Inebriabuntur
1784 1755 1864 1819 ab
1894 1755 2176 1818 ubertate
2206 1754 2425 1818 domus
2456 1761 2604 1819 tuae
2633 1760 2690 1819 et
2721 1762 2990 1819 torrente

370 1865 709 1951 voluptatis
740 1871 885 1928 tuae
910 1862 1158 1947 potabis
1189 1882 1288 1927 eos
1301 1883 1323 1925 .·
1355 1864 1652 1947 quoniam
1685 1861 1864 1945 apud
1894 1870 1950 1924 te
1981 1865 2068 1924 est
2097 1858 2245 1942 fons
2273 1863 2436 1925 vitae
2465 1863 2607 1926 etin
2628 1861 2863 1926 lumine
2882 1868 2989 1926 tuo

360 1972 712 2037 videbimus
742 1971 949 2035 lumen
963 1993 991 2049 ,·
1031 1971 1216 2037 Joan.
1255 1974 1353 2038 17.
1390 1973 1461 2038 3:
1508 1967 1684 2033 Haec
1714 1974 1803 2031 est
1833 1970 1961 2031 vita
1996 1974 2275 2052 aeterna,
2307 1974 2376 2031 ut
2407 1974 2776 2051 coynoscant
2808 1975 2865 2032 te
2894 1988 2988 2032 so-

355 2079 497 2143 lum
528 2078 734 2143 Deum
764 2097 977 2141 verum
1008 2085 1064 2141 et
1095 2097 1272 2161 quem
1307 2078 1530 2141 misisti
1560 2075 1624 2139 J.
1661 2074 1996 2145 Christum.
2058 2075 2136 2138 Et
2167 2093 2325 2141 sane
2365 2072 2754 2153 ,beatitudm
2784 2076 2993 2156 inquit

364 2185 701 2250 Lessius
731 2185 799 2262 Π,
831 2189 893 2261 4,
925 2184 1012 2248 nil
1046 2189 1144 2249 est
1173 2183 1367 2260 aliud,
1399 2201 1596 2266 quam
1626 2182 1860 2245 summi
1909 2180 2062 2245 boni
2096 2182 2522 2263 apprehensio
2554 2188 2619 2246 et
2649 2182 2988 2263 possessio,

364 2292 563 2375 Atqui
594 2292 753 2357 visio
785 2291 902 2356 Dei
934 2300 1035 2357 est
1066 2289 1499 2374 apprehensio
1533 2296 1598 2356 et
1628 2289 1971 2370 possessio.
2034 2286 2200 2352 Nam
2246 2289 2490 2353 visione
2532 2288 2731 2353 veluti
2759 2306 2989 2352 manus

358 2400 708 2483 complexu
753 2398 1313 2480 apprehendimus
1357 2396 1625 2462 firmiter
1672 2403 1964 2462 tenemus
1996 2404 2061 2462 et
2090 2397 2495 2478 possidemus
2542 2397 2752 2479 ipsum
2784 2396 2990 2462 Deum

358 2513 697 2589 tamquam
727 2505 969 2570 bonum
1005 2512 1302 2570 nostrum
1335 2504 1521 2569 nobis
1555 2505 1638 2568 ad
1668 2503 2009 2569 fruendum
2039 2504 2283 2582 datum,
2315 2505 2406 2569 ita
2438 2511 2508 2569 ut
2539 2504 2605 2568 in
2626 2512 2849 2570 nostra
2866 2525 2986 2588 po-

362 2618 601 2678 testate
632 2613 715 2677 sit
746 2612 883 2696 ejus
917 2612 1252 2678 dulcedine
1286 2611 1408 2676 frui
1440 2618 1505 2678 et
1537 2629 1762 2676 omnes
1795 2612 2178 2695 voluptateS,
2226 2630 2392 2695 quae
2439 2631 2518 2678 ex
2568 2612 2710 2694 ipso
2743 2613 2988 2677 hauriri

362 2727 658 2802 possunt,
689 2721 826 2787 sine
858 2720 982 2785 fine
1019 2722 1402 2803 percipere.‹
1442 2720 1578 2784 Hoc
1611 2720 1784 2785 clare
1811 2719 1945 2801 jam
1960 2719 2274 2786 docuerat
2294 2720 2634 2784 concilium
2666 2719 2985 2784 franco-

366 2826 797 2893 fordiense
830 2828 892 2891 in
916 2846 1011 2910 ep.
1035 2828 1120 2893 ad
1140 2827 1332 2911 episc.
1352 2827 1718 2911 Hispaniae,
1750 2827 2106 2892 clarissime
2136 2844 2291 2892 vero
2322 2826 2828 2892 Benedictus
2859 2827 2987 2892 XII.

360 2933 437 2998 in
467 2935 925 3001 constitutione
956 2935 1357 3013 ,Benedictus
1392 2933 1579 2999 Deus‘
1612 2940 1715 3004 29.
1746 2934 1889 3000 Jan.
1926 2938 2117 3011 1336,
2148 2934 2214 2997 in
2238 2952 2369 3017 qua
2385 2934 2622 3011 definit,
2643 2935 2817 3016 quod
2830 2936 2988 3018 justi

370 3040 436 3105 in
467 3042 649 3107 coelo
689 3042 946 3117 ,vident
976 3042 1258 3108 divinam
1290 3041 1638 3107 essentiam
1668 3041 1914 3105 visione
1945 3041 2239 3105 intuitiva
2269 3047 2335 3105 et
2365 3042 2559 3107 etiam
2580 3040 2791 3126 faciali
2811 3043 2986 3108 nulla

360 3148 689 3228 mediante
720 3156 1022 3214 creatura
1052 3150 1117 3213 in
1148 3149 1398 3214 ratione
1431 3147 1673 3231 objecti⁸
1697 3147 1817 3211 visi
1849 3165 1920 3211 se
1952 3146 2253 3222 habente,
2299 3147 2412 3212 sed
2459 3147 2676 3234 divina
2707 3150 2989 3215 essentia

368 3255 736 3322 immediate
767 3274 838 3320 se
869 3256 1058 3334 nude,
1090 3257 1261 3321 clare
1299 3263 1364 3321 et
1396 3260 1617 3337 aperte
1663 3255 1754 3319 eis
1803 3254 2181 3318 ostendente
2231 3255 2530 3339 quodque
2575 3257 2666 3320 sic
2697 3256 2988 3323 videntes

357 3361 597 3427 eadem
629 3363 846 3428 divina
876 3363 1164 3429 essentia
1181 3362 1612 3444 perfruuntur,
1643 3380 1900 3428 necnon
1920 3361 2093 3449 quod
2114 3381 2193 3426 ex
2215 3362 2328 3426 tali
2342 3363 2588 3450 visione
2609 3369 2675 3428 et
2694 3363 2989 3429 fruitione

360 3487 596 3534 eorum
629 3471 905 3549 animae,
937 3469 1046 3552 qui
1084 3469 1221 3550 ,iam
1268 3468 1699 3545 decesserunt,
1744 3474 1898 3532 sunt
1942 3486 2097 3533 vere
2144 3468 2378 3534 beatae
2423 3476 2489 3533 et
2516 3469 2761 3536 habent
2792 3471 2986 3534 vitam

361 3582 435 3642 et
483 3577 769 3659 requiem
823 3582 1210 3656 aeternam.
1280 3575 1451 3639 ldem
1503 3573 1789 3658 pontifex
1841 3574 2175 3639 damnavit
2225 3574 2326 3661 (cf.
2373 3576 2854 3658 Raynaldus
2905 3578 2987 3644 ad

360 3701 426 3747 a.
465 3688 631 3760 1341
682 3703 741 3747 n.
788 3684 901 3769 51)
954 3701 1239 3749 errorem
1292 3682 1698 3764 quorundam
1748 3699 2163 3764 armenorum
2210 3681 2763 3746 schismaticorum
2814 3685 2988 3769 (eum

372 3788 680 3871 Gregorio
731 3789 1112 3854 Palamas
1161 3788 1237 3856 cf.
1283 3787 1674 3854 Petavius
1706 3789 1788 3853 de
1820 3786 1956 3874 Deo
1988 3789 2029 3865 l,
2069 3793 2166 3857 12.
2204 3792 2317 3864 13;
2350 3787 2472 3865 Vll,
2509 3789 2573 3874 7)
2620 3788 2986 3867 dicentium,

372 3897 623 3960 animas
636 3896 974 3978 justorum,
1002 3915 1171 3972 ,non
1190 3897 1443 3961 visuras
1463 3895 1577 3961 Dei
1596 3896 1966 3978 essentiam,
1996 3896 2148 3977 quia
2167 3895 2343 3959 nulla
2375 3901 2680 3959 creatura
2712 3913 2856 3960 eam
2887 3896 2984 3958 vi-

362 4001 529 4074 dere
560 4009 790 4085 potest,
822 4002 936 4067 sed
968 4004 1216 4068 visuras
1251 4022 1394 4070 esse
1427 4003 1785 4068 claritatem
1818 4003 1952 4084 Dei,
1986 4020 2152 4085 quae
2186 4002 2270 4066 ab
2292 4003 2430 4084 ejus
2450 4002 2731 4066 essentia
2747 4008 2985 4078 manat,

365 4108 673 4188 sicutlux
704 4109 857 4187 solis
889 4116 1151 4175 emanat
1181 4128 1223 4175 a
1253 4109 1389 4175 sole
1423 4117 1488 4176 et
1517 4117 1737 4175 tamen
1769 4129 1900 4175 non
1933 4115 2032 4175 est
2061 4109 2231 4185 sol;‘
2290 4127 2482 4193 quem
2522 4108 2989 4191 jam-refutavit

360 4212 824 4297 Gregorius
855 4214 934 4279 M.
968 4215 1122 4280 Mor.
1154 4217 1231 4295 X,
1264 4220 1367 4287 28.
1432 4216 1520 4281 Cf.
1554 4217 1723 4282 decr.
1755 4217 2011 4281 unionis
2043 4233 2222 4281 conc.
2255 4216 2590 4281 florentini.

548 4362 698 4426 677.
732 4357 1021 4423 Vocatur
1050 4358 1213 4424 haec
1243 4357 1359 4424 Dei
1390 4360 1549 4424 visio
1584 4360 1646 4430 1.
1676 4358 2085 4424 beatifica
2128 4359 2378 4424 ratione
2412 4355 2706 4434 effectuS,
2751 4359 2818 4428 2.
2854 4358 2986 4423 im-

368 4463 739 4542 mediata
772 4464 1119 4543 excludens
1150 4484 1281 4531 non
1298 4466 1607 4550 medium
1631 4484 1758 4549 quo
1794 4466 2178 4552 (cujusmodi
2209 4474 2309 4531 est
2327 4464 2543 4530 lumen
2557 4464 2842 4553 gloriae),
2873 4466 2989 4532 sed

366 4550 656 4635 medium
704 4570 1003 4636 differens
1052 4555 1119 4636 et
1186 4570 1591 4649 obnubilans,
1640 4578 1712 4635 ut
1754 4571 2346 4637 Bonaventura
2391 4571 2480 4635 ait
2509 4572 2577 4635 in
2606 4573 2988 4655 compendio

365 4675 562 4741 theoL
595 4676 773 4742 verit.
803 4676 932 4754 VII,
965 4683 1051 4746 23
1081 4696 1150 4755 s.,
1182 4696 1299 4743 seu
1328 4678 1610 4742 medium
1640 4677 2090 4760 interpositum
2121 4697 2201 4743 ex
2233 4696 2363 4762 quo
2397 4685 2462 4744 et
2490 4679 2558 4743 in
2587 4697 2735 4761 que,
2771 4697 2986 4761 quus-

364 4781 548 4847 modi
575 4789 729 4848 sunt
759 4789 1098 4849 creaturae
1142 4802 1258 4849 seu
1305 4786 1658 4866 generatim
1704 4784 1968 4850 effectus
1998 4792 2297 4867 respectu
2343 4804 2503 4851 suae
2532 4803 2770 4850 causae
2803 4785 2905 4873 (ct.
2937 4805 2986 4850 s.
