3538 5364
770 264 1089 337 Praeparat
1113 262 1299 335 gratia
1322 264 1809 321 illustrationibus
1835 266 1895 319 et
1919 263 2397 336 inspirationibus
2421 269 2528 329 etc,
2880 275 2966 341 85

343 445 559 509 tentia
592 451 725 508 tam
756 446 1028 527 physica
1057 463 1251 528 quam
1281 447 1543 510 moralis
1574 466 1690 512 seu
1722 445 2054 510 infirmitas
2087 451 2187 510 est
2205 447 2553 512 auferenda
2573 454 2638 512 et
2656 449 2966 513 sananda.

341 551 447 615 Ad
479 559 831 633 utrumque
864 553 1323 633 praestandum
1354 552 1680 618 confertur
1710 553 1916 632 gratia
1946 554 2365 634 praeveniens
2399 556 2485 640 (n.
2521 556 2684 641 16²).

526 681 632 744 93.
666 677 771 744 ll.
810 676 1013 741 Sonat
1043 684 1099 739 et
1121 685 1479 761 praeparat
1503 678 1719 759 qratia
1754 675 2126 740 voluntatem
2173 668 2596 743 indeliberatis
2639 682 2859 743 mentis
2888 682 2966 744 il-

342 782 828 846 lustrationibus
859 782 1311 867 voluntatisque
1355 784 1897 867 inspirationibuS,
1942 803 2101 868 quas
2144 785 2212 847 in
2259 785 2431 848 nobis
2460 788 2683 850 excitat
2729 794 2783 851 et
2827 806 2967 872 ope-

342 897 557 973 ratur,
589 897 777 975 atque
806 890 1378 955 subministratione
1409 892 1672 957 virtutis.
1733 890 1951 954 Prima
1981 907 2130 971 pars
2164 889 2479 971 colligitur

528 1017 598 1081 1.
634 1033 715 1078 ex
747 1015 991 1095 gratiae
1025 1032 1143 1078 nos
1174 1015 1619 1097 praeparantis
1652 1013 2206 1098 descriptionibus
2240 1035 2404 1099 quae
2438 1017 2502 1080 in
2536 1018 2820 1082 conciliis
2853 1037 2969 1099 pa-

344 1128 653 1204 trumque
686 1121 987 1203 operibus
1018 1123 1329 1203 leguntur,
1380 1122 1443 1186 in
1490 1121 1722 1205 quibus
1767 1122 2227 1200 illustrationiS,
2276 1124 2710 1205 inspirationis
2742 1124 2969 1189 volun-

347 1228 500 1292 tatis
534 1233 603 1292 et
633 1229 1240 1293 subministrationis
1271 1228 1520 1295 virtutis
1552 1228 1797 1294 mentio
1831 1230 2073 1294 diserta
2104 1234 2398 1307 occurrit,
2420 1237 2484 1295 et
2504 1232 2748 1312 gratiae
2779 1250 2967 1313 prae-

346 1338 606 1418 paratio
639 1344 704 1401 et
734 1336 987 1400 sanatio
1021 1337 1105 1400 ob
1139 1337 1360 1401 oculos
1395 1337 1581 1400 nobis
1613 1337 1790 1401 velut
1820 1337 2080 1418 ponitur
2097 1338 2159 1423 ¹).

528 1467 607 1525 Et
633 1485 781 1525 sane
812 1469 969 1544 quod
1004 1468 1437 1527 illustrationes
1470 1473 1530 1527 et
1574 1468 1999 1544 inspirationes
2032 1468 2265 1537 attinet,
2314 1468 2576 1546 insignia
2608 1472 2781 1539 sunt„
2816 1488 2971 1543 quae

346 1556 530 1614 habet
562 1557 1063 1634 Augustinus
1098 1558 1134 1616 l.
1176 1570 1199 1621 1
1240 1556 1312 1615 ad
1334 1557 1790 1633 Simplicianum
1822 1577 1879 1633 q.
1916 1566 1949 1618 2
1985 1577 2045 1620 n.
2069 1566 2138 1618 2:
2176 1557 2400 1626 ‚Nullo
2432 1558 2605 1616 modo
2641 1558 2759 1615 ista
2790 1558 2970 1638 (elee-

347 1663 648 1721 mosynas,
697 1645 1016 1717 orationes,
1063 1640 1202 1729 etc.)
1239 1650 1586 1721 operaretur
1617 1647 1966 1725 (Cornelius,
1999 1648 2128 1709 Act.
2174 1659 2266 1715 10,
2306 1643 2388 1727 2),
2437 1647 2555 1705 nisi
2601 1650 2739 1705 ante
2783 1646 2967 1705 credi·

348 1734 571 1805 disset;
620 1735 789 1793 nullo
834 1735 1005 1794 modo
1051 1739 1252 1794 antem
1284 1735 1647 1805 credidisset,
1700 1735 1815 1794 nisi
1858 1736 1953 1794 vel
1998 1735 2238 1794 secretis
2283 1756 2390 1812 per
2434 1736 2562 1795 visa
2605 1736 2821 1795 mentis
2865 1739 2972 1795 aut

346 1824 618 1898 spiritus,
655 1824 748 1882 vel
781 1824 1105 1884 manifestis
1135 1843 1241 1901 per
1272 1843 1481 1883 sensns
1513 1825 1775 1901 corporis
1807 1823 2316 1883 admonitionibus
2348 1829 2718 1887 vocaretur.‘
2769 1824 2846 1883 Et
2876 1825 2968 1884 in-

347 1912 438 1970 fra
468 1931 528 1974 n.
566 1922 637 1975 21
667 1932 682 1970 :
734 1913 921 1982 ,Quis
954 1917 1148 1989 potest
1179 1913 1432 1985 credere,
1479 1912 1595 1972 nisi
1642 1913 1848 1988 aliqua
1880 1914 2200 1985 vocatione,
2249 1914 2359 1972 hoc
2402 1918 2495 1972 est
2539 1913 2742 1990 aliqua
2772 1933 2971 1972 rerum

345 2001 774 2061 testificatione
794 2005 1118 2079 tangatur?
1165 2003 1310 2072 Quis
1341 2002 1519 2061 habet
1550 2003 1613 2061 in
1643 2005 1938 2078 potestate
1971 2003 2075 2060 tali
2112 2002 2240 2061 viso
2259 2002 2475 2080 attingi
2499 2007 2757 2061 mentem
2781 2021 2969 2073 suam,

348 2109 468 2164 quo
501 2092 636 2165 ejus
671 2092 948 2151 voluntas
978 2096 1286 2150 moveatur
1316 2091 1390 2150 ad
1422 2091 1638 2150 fidem?
1683 2090 1820 2167 quis
1853 2095 2053 2150 sutem
2085 2091 2280 2150 animo
2312 2093 2693 2168 amplectitur
2722 2091 2969 2168 aliquid,

347 2180 509 2254 quod
544 2199 685 2237 eum
716 2198 838 2239 non
870 2181 1161 2240 delectat?
1207 2184 1315 2239 aut
1358 2181 1493 2256 quis
1539 2180 1717 2239 habet
1763 2180 1827 2238 in
1874 2183 2187 2257 potestate,
2236 2184 2305 2239 ut
2351 2182 2446 2239 vel
2478 2185 2764 2250 occurrat,
2813 2181 2969 2256 quod

346 2288 483 2327 eum
506 2268 807 2328 delectare
827 2270 1031 2345 possit,
1065 2269 1159 2328 vel
1190 2269 1461 2339 delectet,
1496 2288 1630 2328 cum
1651 2269 2017 2328 occurrerit?
2065 2269 2208 2327 Cum
2242 2288 2383 2346 ergo
2416 2288 2524 2329 nos
2557 2290 2625 2329 ea
2656 2270 2970 2341 delectant,

347 2357 576 2432 quibus
608 2357 987 2434 proficiamus
1018 2358 1093 2416 ad
1115 2359 1319 2428 Deum,
1352 2358 1682 2434 inspiratur
1713 2358 1823 2417 hoc
1856 2362 1918 2416 et
1948 2358 2268 2434 praebetur
2298 2359 2493 2435 gratia
2516 2359 2636 2428 Dei,
2671 2378 2790 2418 non
2820 2363 2976 2419 nutu

349 2450 554 2504 nostro
587 2454 645 2505 et
678 2447 977 2505 industria
1007 2451 1113 2506 aut
1145 2466 1387 2524 operum
1424 2448 1651 2506 meritis
1682 2451 2088 2522 comparatur:
2139 2446 2279 2523 quia
2322 2451 2395 2506 ut
2432 2448 2513 2506 sit
2543 2452 2731 2507 nutus
2763 2449 2974 2507 volun-

348 2537 513 2606 tatis,
550 2540 623 2593 ut
656 2536 737 2593 sit
768 2536 1068 2595 industria
1099 2537 1303 2605 studii,
1350 2540 1422 2594 ut
1461 2536 1586 2595 sint
1618 2555 1796 2611 opera
1828 2537 2073 2595 caritate
2105 2536 2411 2613 ferventia,
2461 2538 2560 2595 ille
2592 2537 2828 2606 tribuit,
2876 2538 2979 2596 ille

348 2625 670 2702 largitur.‘
720 2625 798 2684 Et
829 2635 1033 2685 contra
1066 2626 1211 2685 duas
1245 2645 1336 2701 ep.
1357 2626 1546 2704 pelag.
1579 2626 1617 2687 l.
1655 2635 1688 2688 2
1726 2645 1786 2686 n.
1815 2635 1848 2688 2
1885 2625 2120 2686 scribit:
2157 2626 2362 2695 ,Tunc
2392 2626 2546 2685 enim
2581 2625 2805 2686 bonum
2839 2645 2974 2686 con·

352 2715 583 2790 cupisci
615 2715 848 2792 incipit,
887 2715 1124 2792 quando
1156 2716 1495 2774 dulcescere
1528 2716 1791 2790 coeperit
1824 2760 1836 2773 .
1871 2759 1885 2775 .
1920 2759 1932 2772 .
1965 2716 2122 2793 Ergo
2154 2715 2488 2776 benedictio
2522 2716 2853 2775 dulcedinis
2886 2720 2979 2775 est

350 2804 545 2880 gratia
569 2804 692 2871 Dei,
728 2824 847 2880 qua
876 2804 948 2862 fit
978 2804 1041 2863 in
1073 2804 1261 2874 nobis,
1294 2807 1364 2863 ut
1395 2824 1500 2863 nos
1520 2805 1772 2863 delectet
1804 2809 1865 2863 et
1895 2805 2221 2880 cupiamuS,
2256 2804 2363 2864 hoc
2391 2809 2485 2865 est
2503 2824 2784 2870 amemus,
2819 2805 2976 2881 quod

351 2893 643 2968 praecipit·
676 2893 883 2952 nobis:
931 2894 993 2952 in
1041 2913 1159 2969 qua
1190 2894 1240 2952 si
1273 2912 1378 2952 nos
1410 2912 1531 2952 non
1564 2894 1875 2969 praevenit
1910 2894 2085 2968 Deus,
2120 2913 2241 2952 non
2275 2894 2467 2952 solum
2503 2913 2620 2953 non
2652 2893 2976 2970 perficitur,

353 2982 452 3040 sed
487 3000 599 3039 nec
631 2983 945 3041 inchoatur
974 3002 1041 3041 ex
1074 2982 1309 3042 nobis.⁴1
1349 3017 1423 3025 —
1462 2982 1539 3040 Et
1570 2981 1833 3058 episcopi
1866 2982 2015 3040 afri
2047 2982 2118 3041 ad
2156 2983 2452 3041 Zosimum
2485 3002 2545 3046 n.
2570 2995 2639 3046 9:
2674 2983 2974 3058 ‚Praepa-

352 3079 525 3128 ναίω·
554 3073 821 3130 voluntas
867 3091 905 3130 a
950 3072 1199 3132 Domino
1232 3071 1425 3149 (Prov.
1462 3081 1517 3138 8,
1572 3081 1650 3133 35
1701 3089 1816 3132 sec.
1849 3068 2044 3151 LXX),
2093 3073 2153 3128 et
2196 3074 2267 3130 ut
2311 3071 2453 3130 boni
2499 3072 2729 3148 aliquid
2777 3075 2974 3149 agant,

352 3160 619 3233 paternis
652 3160 1144 3236 inspirationibus
1177 3179 1418 3219 suorum
1455 3161 1582 3236 ipse
1614 3159 1813 3236 tangit
1843 3160 2018 3219 corda
2049 3159 2372 3219 fidelium.‘

527 3281 594 3349 2.
628 3276 802 3343 Sane
835 3280 917 3343 ad
956 3278 1322 3345 salutariter
1355 3280 1716 3361 eligendum
1752 3289 1819 3345 et
1849 3281 2166 3360 agendum
2198 3298 2462 3345 necesse
2496 3287 2609 3356 est,
2649 3289 2719 3345 ut
2749 3282 2982 3345 mentis

358 3386 666 3452 tenebrae
699 3385 1100 3468 dissipentur,
1135 3394 1233 3452 tot
1263 3387 1666 3467 corrigantur
1706 3387 1951 3468 judicia
2000 3387 2078 3451 de
2111 3387 2508 3468 obJeetorum
2564 3387 2852 3452 bonitate
2882 3388 2982 3453 vel

356 3492 602 3557 malitia
632 3510 909 3557 erronea
938 3492 1189 3557 illorum
1223 3493 1459 3575 speciei
1493 3493 1701 3558 fallaci
1736 3494 1987 3568 innixa3
2021 3500 2091 3556 ut
2121 3494 2437 3574 pellantur
2465 3494 2744 3558 nebulae
2765 3513 2806 3558 a
2825 3513 2980 3558 con-

354 3599 753 3680 cupiscentia
786 3589 1106 3664 excitatae
1142 3600 1223 3663 ad
1256 3599 1729 3682 impediendum
1769 3606 2018 3666 rectum
2049 3601 2316 3664 rationis
2342 3600 2685 3682 judicium3
2719 3619 2982 3666 necesse

359 3711 456 3769 est
486 3706 848 3786 corrigatur
878 3715 1248 3789 corruptum
1279 3707 1631 3772 voluntatis
1664 3707 1972 3789 palatum,
2020 3708 2121 3770 cui
2174 3708 2427 3789 sapiunt
2482 3707 2732 3772 fallacia
2765 3707 2983 3771 mundi

356 3810 544 3887 bona,
576 3811 710 3875 imo
745 3819 809 3876 et
840 3812 1011 3889 vitia,
1042 3814 1363 3897 desipiunt
1393 3833 1548 3879 vera
1594 3814 1785 3890 bona,
1831 3814 2098 3880 virtutes
2147 3821 2339 3898 atque
2371 3821 2719 3897 praecepta
2751 3813 2980 3878 divina.

367 3916 566 3997 ‚Quia
610 3936 734 3982 nec
781 3921 1040 3998 esurire,
1086 3920 1293 4003 inquit
1337 3921 1420 3984 ad
1465 3940 1602 3985 rem
1652 3921 2146 4002 Fulgentius
2178 3922 2214 3985 l.
2254 3927 2284 3989 1
2336 3922 2419 3985 ad
2450 3922 2805 3985 Monimum
2837 3940 2889 3985 c.
2930 3929 2982 3998 1,

359 4042 589 4104 panem
620 4025 820 4101 illum,
854 4027 960 4108 qui
991 4027 1071 4092 de
1102 4027 1284 4092 coelo
1318 4027 1651 4093 descendit
1683 4027 1891 4113 (Joan.
1930 4034 1989 4105 6,
2011 4030 2142 4114 33),
2178 4047 2537 4110 possumus,
2572 4027 2693 4091 nisi
2727 4028 2809 4092 ab
2843 4027 2982 4109 ipso

360 4129 827 4196 fastidientibus
860 4132 1102 4198 esuries
1134 4133 1338 4208 datur,
1390 4135 1497 4216 qui
1546 4153 1615 4199 se
1671 4134 1752 4198 ad
1801 4135 2138 4200 satiandos
2187 4135 2537 4200 esurientes
2572 4135 2815 4199 donare
2848 4135 2984 4216 dig-

571 4341 609 4404 ¹)
639 4332 782 4389 Cum
815 4333 1039 4390 exsistit
1057 4335 1226 4389 series
1252 4337 1485 4391 actuum
1533 4336 1890 4402 salutarium,
1931 4354 2176 4405 quorum
2218 4335 2497 4407 posterior
2531 4354 2564 4390 a
2592 4337 2782 4408 priore
2810 4338 2987 4391 deter-

358 4413 625 4477 minatur,
655 4415 759 4483 qui
789 4415 1082 4485 praecedit
1105 4415 1383 4470 rationem
1426 4417 1601 4471 habet
1639 4417 1861 4487 gratiae
1901 4417 2323 4487 praevenientis
2364 4420 2421 4470 et
2461 4418 2859 4488 praeparantis
2883 4435 2987 4489 pro

356 4496 758 4561 mnsequente.
798 4493 905 4547 Hic
931 4496 1123 4548 autem
1152 4495 1646 4565 praeparationem
1678 4512 1810 4566 prae
1840 4495 2020 4551 oculis
2045 4495 2321 4548 habemus
2346 4495 2419 4549 ad
2455 4496 2638 4565 prim
2657 4514 2694 4548 u
2713 4515 2764 4548 m
2795 4499 2986 4549 actum

356 4573 662 4626 salutarem
689 4572 1089 4638 deliberatum,
1116 4590 1288 4643 quem
1315 4575 1459 4629 forte
1487 4574 1861 4642 consequitur
1885 4576 2066 4644 maj0r
2091 4574 2347 4629 minorve
2383 4576 2629 4629 aliorum
2650 4578 2884 4628 actuum
2905 4591 2986 4628 sa·

355 4651 631 4706 lutarium
659 4652 850 4716 series,
875 4669 1022 4721 quae
1048 4652 1379 4708 immediate
1400 4654 1637 4723 quidem
1658 4655 1879 4724 pendet
1903 4656 1978 4709 ab
2001 4655 2102 4708 illo
2128 4654 2316 4724 primo
2343 4658 2495 4718 actu,
2523 4654 2768 4708 mediate
2797 4657 2984 4706 tamen

359 4747 391 4783 a
417 4731 877 4803 praeparatione,
904 4749 1076 4802 quam
1103 4733 1199 4787 hic
1225 4734 1614 4788 describimus.
