3538 5364
584 292 708 357 112
1018 281 1203 335 Tract.
1230 281 1378 335 vul.
1406 281 1476 336 de
1501 282 1707 353 gratia.
1734 284 1934 341 Thesis
1961 285 2197 341 CXCIV.
2224 284 2293 339 de
2321 286 2509 340 tractu
2537 282 2741 337 Patris.

757 470 851 528 Ita
880 466 1084 527 relatis
1116 467 1316 526 erch.
1357 478 1452 538 14,
1489 479 1524 532 9
1559 473 1622 531 et
1652 471 1815 528 Rom.
1860 483 1910 541 1,
1950 482 2028 534 24
2066 489 2143 530 ss.
2190 470 2397 529 subdit
2427 469 2499 529 de
2531 489 2618 546 gr.
2651 474 2713 528 et
2744 470 2846 528 lib.
2879 470 3002 528 arb.
3035 487 3083 528 c.
3118 479 3185 533 21

579 580 635 623 n.
673 568 786 622 43:
823 558 975 627 ,His
1006 559 1067 615 et
1096 556 1319 637 talibus
1353 558 1715 618 testimoniis
1748 606 1762 619 .
1798 605 1812 618 .
1847 605 1861 618 .
1893 561 2040 619 satis
2071 560 2510 630 manifestatur,
2557 559 2867 647 operari
2917 559 3106 618 Deum
3136 560 3198 617 in

577 648 856 707 cordibus
888 646 1195 704 hominum
1229 645 1302 703 ad
1334 646 1702 707 inclinandas
1747 667 1952 708 eorum
1999 651 2340 709 voluntates
2393 667 2752 723 quocunque
2788 647 3041 707 voluerit
3073 648 3194 707 sive

578 737 650 795 ad
686 738 839 794 bona
870 755 976 813 pro
1008 753 1115 794 sua
1146 735 1563 807 misericordia,
1612 738 1738 795 sive
1787 739 1856 795 ad
1891 739 2047 797 mala
2095 758 2203 814 pro
2236 738 2464 796 meritis
2495 757 2700 796 eorum
2732 786 2746 800 .
2785 788 2798 802 ‚
2830 782 2842 795 .
2892 737 2954 794 Si
3000 741 3199 796 autem

578 830 788 902 potens
820 832 912 884 est
944 870 957 884 .
990 874 1004 889 .
1039 869 1052 882 .
1085 825 1316 899 operari
1346 825 1521 884 etiam
1556 825 1619 883 in
1651 827 1932 886 cordibus
1954 828 2245 886 malorum
2280 846 2387 902 pro
2423 827 2652 885 meritis
2686 845 2908 894 eorum,
2946 845 3196 901 quorum

578 915 866 974 malitiam
897 933 1016 973 non
1048 915 1177 987 ipse
1208 913 1349 973 fecit
1380 959 1393 972 .
1427 961 1440 975 .
1475 964 1488 978 .
1522 915 1669 989 quid
1719 916 1941 975 mirum
1991 924 2099 987 est,
2155 917 2203 975 si
2256 936 2362 993 per
2393 915 2680 992 Spiritum
2714 934 2758 973 3.
2808 920 3090 991 operatur
3137 916 3199 974 in

578 1004 854 1063 cordibus
884 1005 1211 1063 electorum
1242 1022 1485 1063 suorum
1519 1004 1690 1073 bona,
1741 1005 1849 1081 qui
1897 1012 2176 1080 operatus
2225 1009 2335 1075 est,
2386 1009 2458 1064 ut
2505 1006 2635 1080 ipsa
2681 1004 2858 1063 corda
2903 1011 3105 1063 essent
3132 1023 3198 1063 ex

579 1094 750 1151 malis
783 1094 1019 1151 bona?‘
1085 1092 1162 1150 Et
1192 1111 1248 1151 n.
1285 1102 1397 1154 41:
1435 1093 1785 1169 ,Scriptura
1816 1095 2018 1154 divina
2061 1096 2111 1154 si
2158 1095 2477 1172 diligenter
2507 1093 2880 1170 inspiciatur,
2917 1093 3196 1164 ostendit,

580 1201 700 1241 non
732 1182 923 1241 solum
954 1181 1139 1240 bonas
1174 1181 1482 1241 hominum
1512 1183 1870 1253 voluntates»,
1920 1204 2068 1260 quas
2101 1185 2229 1260 ipse
2261 1184 2404 1242 facit
2435 1203 2501 1242 ex
2536 1184 2728 1253 malis,
2762 1187 2824 1241 et
2855 1202 2889 1240 a
2921 1202 2983 1241 se
3014 1183 3198 1241 factas

576 1272 762 1332 bonas
794 1272 857 1330 in
889 1274 1056 1330 actus
1090 1271 1274 1329 bonos
1306 1275 1369 1329 et
1417 1272 1480 1329 in
1512 1278 1814 1330 aeternam
1862 1273 2070 1349 dirigit
2115 1274 2316 1344 vitam,
2340 1274 2567 1331 ‘verum
2615 1272 2796 1330 etiam
2841 1272 2994 1342 illas,
3047 1291 3197 1347 quae

576 1364 931 1420 conservant
962 1356 1133 1438 (forte
1163 1360 1473 1442 exornant)
1510 1362 1697 1420 seculi
1728 1367 2077 1431 ereaturam,
2112 1363 2198 1420 ita
2230 1380 2357 1421 esse
2388 1362 2452 1420 in
2486 1361 2593 1420 Dei
2639 1363 2953 1437 potestate,
2998 1367 3073 1419 ut
3103 1379 3199 1420 eas

576 1468 694 1525 quo
727 1450 1002 1520 voluerit,
1036 1449 1274 1524 quando
1309 1450 1581 1521 voluerit,
1613 1450 1791 1509 faciat
1821 1451 2114 1511 inclinari.
2134 1460 2161 1489 ‘

757 1591 900 1654 124.
933 1588 1035 1655 Π.
1067 1586 1432 1652 Provocant
1464 1587 1547 1651 ad
1578 1588 1672 1653 Jo.
1707 1594 1766 1663 6,
1801 1593 1919 1656 44:
1955 1588 2150 1653 Nemo
2177 1596 2372 1674 potest
2407 1590 2611 1651 venire
2642 1588 2727 1652 ad
2760 1609 2872 1670 me,
2906 1589 3034 1651 nisi
3065 1585 3195 1650 Pa-

576 1701 692 1775 ter,
724 1696 830 1778 qui
861 1696 1029 1756 misit
1061 1715 1176 1775 me,
1209 1697 1473 1759 traxerit
1493 1716 1652 1778 eum,
1685 1695 1918 1778 quibus
1951 1714 2081 1759 non
2114 1695 2484 1777 designatur
2516 1696 2721 1777 gratia
2751 1694 2884 1758 sive
2917 1694 3200 1759 necessi-

576 1808 725 1866 tans
760 1802 895 1865 sive
927 1820 1006 1866 ex
1037 1819 1180 1865 sese
1213 1800 1455 1865 efficax.
1519 1801 1683 1865 Nam
1735 1802 2021 1884 loquitur
2052 1800 2343 1866 Christus
2376 1802 2456 1867 de
2491 1798 2716 1875 tractu,
2768 1801 2877 1883 qui
2907 1800 3200 1882 congruit

576 1916 912 1973 creaturae
942 1909 1259 1985 rationali,
1291 1909 1395 1972 eui
1424 1910 1716 1989 congruit
1748 1917 1994 1974 tractus
2016 1929 2146 1977 non
2166 1910 2582 1985 necessitanS,
2614 1909 2727 1973 sed
2748 1907 2857 1990 qui
2877 1907 3198 1989 relinquat

576 2016 837 2096 plenum
868 2022 1050 2079 actus
1083 2015 1468 2082 dominium:
1500 2018 1670 2082 unde
1703 2019 2069 2082 continetur
2102 2017 2427 2090 suasione,
2464 2016 2797 2091 illecebriS,
2830 2021 2949 2080 etc.
3013 2013 3202 2094 Quod

576 2122 890 2204 colligitur
922 2142 999 2188 ex
1032 2125 1246 2188 verbis
1278 2124 1528 2203 Christi,
1563 2126 1671 2208 qui
1704 2126 1999 2206 explicat,
2036 2118 2161 2209 quo
2195 2130 2388 2205 pacto
2422 2122 2613 2187 Pater
2644 2122 2890 2187 trahat:
2932 2130 2986 2186 et
3018 2129 3199 2185 erunt

576 2248 783 2292 omnes
801 2230 1088 2295 docibiles
1106 2231 1228 2295 Dei
1247 2238 1514 2301 διδακτοὶ
1529 2234 1701 2307 Θεοῦ,
1734 2250 1776 2295 a
1797 2231 1930 2297 Deo
1967 2232 2210 2308 edocti,
2245 2232 2467 2310 omnis,
2499 2232 2607 2313 qui
2641 2230 2886 2293 audivit
2920 2251 2961 2293 a
3003 2229 3197 2293 Patre

579 2345 633 2399 et
665 2337 901 2420 didicit,
932 2341 1096 2402 venit
1129 2341 1215 2403 ad
1245 2360 1354 2403 me.
1389 2340 1692 2403 Docendo
1727 2357 1898 2421 erge,
1932 2339 2283 2413 suadendO,
2315 2336 2734 2401 illuminando
2760 2336 2955 2400 trahit
2974 2334 3199 2410 Pater;

579 2442 873 2507 doctrina
905 2452 1123 2509 autem
1156 2453 1220 2511 et
1251 2448 1553 2510 suasione
1587 2446 1890 2509 voluntas
1944 2446 2026 2508 ad
2060 2445 2452 2510 credendum
2499 2462 2631 2507 non
2663 2443 3105 2517 necessitatur,
3139 2448 3204 2505 et

579 2549 661 2612 ad
695 2550 1068 2617 discendum
1100 2555 1443 2636 requiritur
1475 2552 1766 2633 discipuli
1799 2552 2006 2617 libera
2040 2553 2433 2633 cooperatio

756 2701 923 2770 Quod
956 2702 1082 2778 ipse
1114 2721 1159 2764 3.
1191 2701 1690 2778 Augustinus
1723 2703 1894 2761 tract.
1931 2712 1966 2763 4
2000 2701 2063 2760 in
2097 2703 2134 2765 l.
2168 2722 2257 2778 ep.
2291 2703 2458 2761 Joan.
2492 2721 2549 2758 n.
2579 2712 2602 2762 1
2645 2698 2968 2775 significat:
3006 2699 3195 2766 ‚Cum

578 2790 754 2848 multi
787 2790 1051 2860 audiant,
1085 2809 1204 2850 non
1236 2791 1512 2849 omnibus
1547 2791 1940 2865 persuadetur
1985 2791 2144 2865 quod
2192 2792 2430 2860 dicitur,
2484 2790 2584 2849 sed
2619 2789 2743 2847 illis
2778 2787 2941 2856 solis,
2977 2787 3201 2861 quibus

576 2879 742 2937 intus
776 2880 931 2937 Deus
964 2880 1247 2954 loquitur.
1306 2880 1437 2937 Illis
1471 2885 1670 2938 autem
1703 2880 1868 2937 intus
1903 2880 2185 2955 loquitur,
2236 2881 2338 2956 qui
2391 2881 2441 2938 ei
2500 2881 2689 2937 locum
2741 2876 3057 2952 praebent;
3109 2876 3202 2934 illi

578 2971 777 3026 autem
813 2969 932 3026 Deo
965 2968 1160 3026 locum
1211 2968 1513 3043 praebent,
1567 2969 1672 3045 qui
1722 2968 1956 3026 diabolo
2009 2969 2203 3028 locum
2255 2990 2371 3029 non
2418 2968 2763 3044 praebent.¹
2828 2964 2997 3024 Unde
3030 2969 3203 3023 acute

577 3061 746 3114 tract.
783 3065 862 3117 42
898 3057 960 3114 in
994 3057 1162 3115 Joan.
1194 3077 1251 3116 n.
1296 3070 1313 3119 1
1342 3078 1354 3116 :
1420 3058 1600 3127 ,Non
1631 3057 1789 3134 capit
1823 3053 2044 3139 (sermo
2078 3054 2270 3141 meus)
2320 3079 2419 3118 cor
2449 3061 2734 3138 vestrum,
2782 3055 2924 3130 quia
2955 3072 3077 3112 non
3108 3073 3199 3113 re-

579 3145 1045 3221 cipituracorde
1067 3149 1281 3205 vestro.
1318 3147 1412 3204 Sic
1443 3147 1603 3205 enim
1635 3152 1725 3205 est
1757 3165 1950 3205 sermo
1986 3147 2090 3205 Dei
2125 3152 2186 3206 et
2218 3150 2302 3207 sic
2343 3167 2471 3207 esse
2504 3147 2682 3206 debet
2714 3144 3007 3214 fidelibus,
3042 3146 3201 3201 tam-

577 3253 752 3310 quam
789 3234 939 3308 pisci
973 3241 1210 3293 hamus:
1246 3241 1392 3294 tunc
1422 3236 1596 3312 capit,
1634 3235 1871 3312 quando
1905 3237 2198 3311 capitur.‘
2252 3238 2442 3306 Quare
2473 3236 2754 3294 damnata
2785 3237 2879 3291 est
2910 3251 3077 3308 prop.
3120 3244 3193 3295 17

579 3324 1018 3392 Quesnelli:
1073 3325 1321 3392 ‚Gratia
1352 3333 1446 3385 est
1477 3344 1587 3384 vox
1618 3325 1723 3384 illa
1759 3325 1968 3394 Patris,
2003 3343 2155 3399 quae
2187 3327 2454 3386 homines
2489 3326 2744 3384 interius
2777 3322 2966 3390 docet,
3002 3339 3068 3379 ac
3101 3339 3200 3380 eos

578 3411 777 3470 venire
810 3411 952 3470 facit
981 3413 1054 3471 ad
1087 3414 1141 3472 J.
1176 3413 1505 3473 Christum:
1553 3415 1894 3489 quicunque
1942 3414 2016 3471 ad
2065 3435 2201 3474 eum
2233 3435 2352 3474 non
2388 3415 2569 3479 venit.
2617 3416 2930 3489 postquam
2964 3410 3198 3469 audivit

580 3518 776 3559 vocem
808 3501 1162 3561 exteriorem
1194 3503 1351 3573 Filii,
1403 3503 1748 3562 nullatenus
1783 3506 1875 3561 est
1907 3504 2115 3563 doctus
2147 3525 2181 3563 a
2211 3505 2401 3563 Patre.
2420 3513 2447 3543 Φ
2514 3503 2675 3571 Quae
2706 3500 3023 3576 explicatio
3057 3518 3196 3557 con·

577 3589 848 3648 firmatur
878 3592 1175 3650 communi
1224 3593 1506 3669 suffragio
1539 3597 1799 3670 patrum,
1846 3611 2103 3668 quorum
2151 3593 2674 3669 interpretationes
2725 3590 3047 3665 diligenter
3078 3589 3196 3647 col·

579 3679 727 3754 legit
758 3679 1089 3755 Ripalda
1119 3680 1272 3756 disp.
1314 3693 1433 3745 104
1470 3701 1514 3741 s.
1554 3692 1619 3745 5:
1687 3682 1887 3751 ‚Haec
1919 3682 2139 3741 tractio
2172 3683 2493 3758 exponitur
2524 3701 2558 3739 a
2589 3680 2861 3756 patribus
2895 3697 3015 3737 non
3048 3696 3199 3752 pure

577 3766 839 3844 physica,
875 3769 979 3827 sed
1010 3771 1252 3829 moralis
1285 3790 1388 3845 per
1420 3775 1586 3830 actus
1618 3771 1835 3829 vitales
1865 3771 2208 3830 intellectus
2229 3776 2290 3830 et
2312 3771 2656 3830 voluntatis.
2690 3766 3036 3844 Augusti
3055 3785 3197 3825 nus

578 3860 783 3915 contra
813 3858 1016 3916 literas
1050 3860 1326 3917 Petiliani
1359 3879 1405 3921 3.
1442 3871 1476 3925 8
1512 3861 1614 3929 ait,
1651 3860 1947 3919 hominem
1980 3861 2138 3919 trahi
2171 3861 2370 3937 legum
2390 3858 2883 3924 coercitionibus;
2917 3860 3084 3914 tract.
3114 3865 3194 3917 26

578 3947 643 4004 in
674 3945 844 4004 Joan.
890 3947 1210 4023 voluptate,
1259 3948 1667 4016 delectatione,
1715 3967 1942 4018 amore;
1991 3949 2062 4007 de
2109 3950 2308 4008 verbis
2353 3970 2442 4024 ap.
2490 3967 2662 4007 serm.
2700 3956 2733 4008 2
2785 3946 3084 4005 suavitate
3137 3948 3198 4003 et

579 4034 899 4104 desideri03
949 4036 1280 4112 Prosper
1310 4043 1516 4097 contra
1548 4038 1752 4100 Collat.
1786 4056 1831 4095 c.
1869 4050 1902 4098 6
1954 4038 2411 4111 illuminatione,
2445 4037 2835 4096 delectatione
2870 4033 3197 4092 suavitate-

580 4142 694 4198 que
708 4123 982 4199 justitiae
1000 4147 1014 4195 3
1048 4144 1095 4188 c.
1120 4135 1199 4188 24
1224 4129 1719 4203 contemplatione
1739 4128 2191 4195 elementorum,
2211 4128 2550 4204 cognitione
2571 4125 2911 4183 divinorum
2931 4141 3197 4197 operum,

578 4213 809 4283 timore,
844 4213 1088 4284 laetitia,
1124 4215 1434 4286 desideriO,
1458 4217 1849 4275 delectatione
1885 4220 1946 4274 et
1978 4216 2284 4275 effectibus
2305 4217 2564 4286 animae3
2598 4215 2879 4272 Petrus
2913 4212 3197 4270 diaconus

545 4313 558 4324 ·
579 4301 651 4359 de
682 4301 904 4364 incarn.
938 4308 999 4360 et
1030 4305 1223 4380 gratia
1254 4324 1300 4363 c.
1338 4316 1372 4368 6
1409 4307 1703 4364 suavitate
1738 4304 1997 4379 Spiritus
2032 4307 2252 4376 sancti3
2287 4306 2889 4381 chrysostomus
2922 4302 3075 4360 hom.
3113 4311 3192 4363 46

579 4391 641 4448 in
675 4390 845 4448 Joan.
879 4390 1181 4464 doctrinm
1235 4394 1586 4471 Cyrillus
1621 4393 2040 4452 alexandrinus
2073 4396 2112 4453 l.
2149 4404 2185 4456 4
2222 4396 2285 4453 in
2317 4395 2488 4456 Joan.
2519 4412 2565 4452 c.
2604 4405 2638 4455 9
2671 4389 3104 4450 monitionibus
3136 4394 3199 4448 et

580 4479 869 4548 consiliis;
903 4499 947 4543 c.
986 4492 1019 4544 6
1056 4483 1399 4555 monitione,
1449 4484 1733 4552 doctrina,
1782 4483 2145 4542 revelatione
2190 4483 2573 4541 ineffabiliter
2618 4482 2801 4547 facta:
2849 4498 2896 4538 3.
2935 4489 2965 4540 7
3020 4478 3195 4537 disci-

579 4568 750 4643 plina
780 4573 842 4626 et
873 4572 1284 4643 persuasione;
1322 4574 1376 4635 d.
1408 4573 1855 4632 Bernardus
1889 4591 2059 4633 serm.
2098 4581 2177 4633 22
2213 4573 2276 4630 in
2309 4579 2463 4633 cant.
2497 4571 2675 4629 minis
2707 4574 2768 4629 et
2799 4568 3067 4644 flagelliS,
3102 4567 3193 4625 in·

579 4658 768 4715 ternis
820 4661 1327 4721 consolationibus
1378 4668 1439 4722 et
1488 4661 2020 4738 inspirationibus3
2073 4661 2492 4737 Gregorius
2542 4661 2701 4722 Cant.
2750 4672 2766 4720 1
2825 4659 3196 4716 internorum

580 4745 909 4818 dulcedine,
942 4748 1262 4810 dilectione
1294 4754 1355 4810 et
1386 4771 1613 4821 amore;
1660 4750 1714 4812 d.
1749 4751 2069 4809 Thomas
2116 4750 2243 4808 lect.
2283 4761 2314 4812 5
2366 4751 2430 4808 in
2462 4751 2632 4809 Joan.
2667 4760 2701 4810 6
2737 4768 2795 4809 n.
2847 4756 2881 4810 3
2931 4765 2986 4820 q.
3030 4756 3051 4807 l
3094 4764 3193 4804 ex-
