<?xml version="1.0" encoding="UTF-8"?>
<!DOCTYPE html PUBLIC "-//W3C//DTD XHTML 1.0 Transitional//EN"
    "http://www.w3.org/TR/xhtml1/DTD/xhtml1-transitional.dtd">
<html xmlns="http://www.w3.org/1999/xhtml" xml:lang="en" lang="en">
 <head>
  <title>
</title>
<meta http-equiv="Content-Type" content="text/html;charset=utf-8" />
  <meta name='ocr-system' content='tesseract 3.04.00' />
  <meta name='ocr-capabilities' content='ocr_page ocr_carea ocr_par ocr_line ocrx_word'/>
</head>
<body>
  <div class='ocr_page' id='page_1' title='image "./theologiaedogma00hurtgoog_0142.png"; bbox 0 0 3538 5364; ppageno 0'>
   <div class='ocr_carea' id='block_1_1' title="bbox 582 240 2953 319">
    <p class='ocr_par' dir='ltr' id='par_1_1' title="bbox 582 240 2953 319">
     <span class='ocr_line' id='line_1_1' title="bbox 582 240 2953 319; baseline -0.003 -18"><span class='ocrx_word' id='word_1_1' title='bbox 582 256 704 319; x_wconf 84' lang='lat'>130</span> <span class='ocrx_word' id='word_1_2' title='bbox 812 246 997 300; x_wconf 84' lang='lat' dir='ltr'>Tract.</span> <span class='ocrx_word' id='word_1_3' title='bbox 1023 245 1175 300; x_wconf 89' lang='lat' dir='ltr'>VIII.</span> <span class='ocrx_word' id='word_1_4' title='bbox 1202 245 1271 298; x_wconf 91' lang='lat' dir='ltr'>de</span> <span class='ocrx_word' id='word_1_5' title='bbox 1290 243 1722 314; x_wconf 79' lang='lat' dir='ltr'>justificatione.</span> <span class='ocrx_word' id='word_1_6' title='bbox 1764 243 1866 297; x_wconf 85' lang='lat' dir='ltr'>Th.</span> <span class='ocrx_word' id='word_1_7' title='bbox 1895 241 2032 297; x_wconf 85' lang='lat' dir='ltr'>CXC</span> <span class='ocrx_word' id='word_1_8' title='bbox 2043 241 2157 295; x_wconf 86' lang='lat' dir='ltr'>VII.</span> <span class='ocrx_word' id='word_1_9' title='bbox 2197 242 2327 296; x_wconf 88' lang='lat' dir='ltr'>Sola</span> <span class='ocrx_word' id='word_1_10' title='bbox 2355 242 2493 295; x_wconf 86' lang='lat' dir='ltr'>fides</span> <span class='ocrx_word' id='word_1_11' title='bbox 2519 258 2634 296; x_wconf 89' lang='lat' dir='ltr'>non</span> <span class='ocrx_word' id='word_1_12' title='bbox 2652 240 2953 310; x_wconf 80' lang='lat' dir='ltr'>justificat.</span> 
     </span>
    </p>
   </div>
   <div class='ocr_carea' id='block_1_2' title="bbox 572 427 3204 1488">
    <p class='ocr_par' dir='ltr' id='par_1_2' title="bbox 572 427 3204 1488">
     <span class='ocr_line' id='line_1_2' title="bbox 573 427 3199 508; baseline -0.002 -16"><span class='ocrx_word' id='word_1_13' title='bbox 573 432 827 492; x_wconf 92' lang='lat' dir='ltr'>lutionis</span> <span class='ocrx_word' id='word_1_14' title='bbox 860 449 1043 508; x_wconf 86' lang='lat' dir='ltr'>capax</span> <span class='ocrx_word' id='word_1_15' title='bbox 1076 433 1169 489; x_wconf 87' lang='lat' dir='ltr'>est</span> <span class='ocrx_word' id='word_1_16' title='bbox 1200 431 1392 501; x_wconf 91' lang='lat' dir='ltr'>homo,</span> <span class='ocrx_word' id='word_1_17' title='bbox 1433 429 1824 505; x_wconf 84' lang='lat' dir='ltr'>quantumvis</span> <span class='ocrx_word' id='word_1_18' title='bbox 1858 428 2090 487; x_wconf 90' lang='lat' dir='ltr'>laboret</span> <span class='ocrx_word' id='word_1_19' title='bbox 2122 427 2459 505; x_wconf 77' lang='lat' dir='ltr'><strong>ignorantia</strong></span> <span class='ocrx_word' id='word_1_20' title='bbox 2489 427 2911 503; x_wconf 78' lang='lat' dir='ltr'><strong>mysteriorum</strong></span> <span class='ocrx_word' id='word_1_21' title='bbox 2943 427 3102 499; x_wconf 85' lang='lat' dir='ltr'>fidei,</span> <span class='ocrx_word' id='word_1_22' title='bbox 3140 431 3199 487; x_wconf 89' lang='lat' dir='ltr'>et</span> 
     </span>
     <span class='ocr_line' id='line_1_3' title="bbox 573 517 3197 597; baseline -0.002 -18"><span class='ocrx_word' id='word_1_23' title='bbox 573 521 808 580; x_wconf 89' lang='lat' dir='ltr'>etiamsi</span> <span class='ocrx_word' id='word_1_24' title='bbox 852 540 958 596; x_wconf 91' lang='lat' dir='ltr'>per</span> <span class='ocrx_word' id='word_1_25' title='bbox 1001 518 1449 597; x_wconf 80' lang='lat' dir='ltr'>negligentiam,</span> <span class='ocrx_word' id='word_1_26' title='bbox 1497 519 1679 579; x_wconf 90' lang='lat' dir='ltr'>etiam</span> <span class='ocrx_word' id='word_1_27' title='bbox 1709 517 2089 593; x_wconf 79' lang='lat' dir='ltr'>culpabilem,</span> <span class='ocrx_word' id='word_1_28' title='bbox 2137 517 2362 576; x_wconf 90' lang='lat' dir='ltr'>nesciat</span> <span class='ocrx_word' id='word_1_29' title='bbox 2391 517 2748 593; x_wconf 73' lang='lat' dir='ltr'>mysterium</span> <span class='ocrx_word' id='word_1_30' title='bbox 2778 535 2855 576; x_wconf 91' lang='lat' dir='ltr'>ss.</span> <span class='ocrx_word' id='word_1_31' title='bbox 2887 517 3197 575; x_wconf 79' lang='lat' dir='ltr'>Trinitatis</span> 
     </span>
     <span class='ocr_line' id='line_1_4' title="bbox 574 605 3199 682; baseline -0.002 -14"><span class='ocrx_word' id='word_1_32' title='bbox 574 614 636 669; x_wconf 90' lang='lat' dir='ltr'>et</span> <span class='ocrx_word' id='word_1_33' title='bbox 666 609 1091 670; x_wconf 82' lang='lat' dir='ltr'>incarnationis</span> <span class='ocrx_word' id='word_1_34' title='bbox 1124 610 1190 672; x_wconf 92' lang='lat' dir='ltr'>D.</span> <span class='ocrx_word' id='word_1_35' title='bbox 1225 609 1296 670; x_wconf 87' lang='lat' dir='ltr'>N.</span> <span class='ocrx_word' id='word_1_36' title='bbox 1328 607 1383 669; x_wconf 87' lang='lat' dir='ltr'>J.</span> <span class='ocrx_word' id='word_1_37' title='bbox 1405 607 1686 667; x_wconf 83' lang='lat' dir='ltr'>Christi.‘</span> <span class='ocrx_word' id='word_1_38' title='bbox 1738 607 1932 676; x_wconf 81' lang='lat' dir='ltr'>Quare</span> <span class='ocrx_word' id='word_1_39' title='bbox 1964 606 2149 665; x_wconf 89' lang='lat' dir='ltr'>statui</span> <span class='ocrx_word' id='word_1_40' title='bbox 2180 605 2407 682; x_wconf 91' lang='lat' dir='ltr'>poterit</span> <span class='ocrx_word' id='word_1_41' title='bbox 2437 624 2572 665; x_wconf 91' lang='lat' dir='ltr'>cum</span> <span class='ocrx_word' id='word_1_42' title='bbox 2605 606 2643 663; x_wconf 88' lang='lat' dir='ltr'>S</span> <span class='ocrx_word' id='word_1_43' title='bbox 2663 624 2888 666; x_wconf 85' lang='lat' dir='ltr'>uarez</span> <span class='ocrx_word' id='word_1_44' title='bbox 2919 606 2974 666; x_wconf 90' lang='lat' dir='ltr'>d.</span> <span class='ocrx_word' id='word_1_45' title='bbox 3020 616 3092 667; x_wconf 87' lang='lat'>12</span> <span class='ocrx_word' id='word_1_46' title='bbox 3128 607 3199 664; x_wconf 89' lang='lat' dir='ltr'>de</span> 
     </span>
     <span class='ocr_line' id='line_1_5' title="bbox 572 694 3200 771; baseline -0.002 -13"><span class='ocrx_word' id='word_1_47' title='bbox 572 699 689 758; x_wconf 90' lang='lat' dir='ltr'>fide</span> <span class='ocrx_word' id='word_1_48' title='bbox 720 718 767 760; x_wconf 76' lang='lat' dir='ltr'>a.</span> <span class='ocrx_word' id='word_1_49' title='bbox 805 709 843 760; x_wconf 85' lang='lat'>4</span> <span class='ocrx_word' id='word_1_50' title='bbox 877 698 1207 758; x_wconf 81' lang='lat' dir='ltr'>conclusio:</span> <span class='ocrx_word' id='word_1_51' title='bbox 1257 697 1629 766; x_wconf 77' lang='lat' dir='ltr'>,Dicendum</span> <span class='ocrx_word' id='word_1_52' title='bbox 1673 702 1784 765; x_wconf 88' lang='lat' dir='ltr'>est,</span> <span class='ocrx_word' id='word_1_53' title='bbox 1827 696 2004 754; x_wconf 90' lang='lat' dir='ltr'>fidem</span> <span class='ocrx_word' id='word_1_54' title='bbox 2036 694 2371 771; x_wconf 83' lang='lat' dir='ltr'>explicitam</span> <span class='ocrx_word' id='word_1_55' title='bbox 2406 695 2623 754; x_wconf 83' lang='lat' dir='ltr'>Christi</span> <span class='ocrx_word' id='word_1_56' title='bbox 2668 714 2777 770; x_wconf 92' lang='lat' dir='ltr'>per</span> <span class='ocrx_word' id='word_1_57' title='bbox 2808 713 2872 755; x_wconf 90' lang='lat' dir='ltr'>se</span> <span class='ocrx_word' id='word_1_58' title='bbox 2902 695 3200 770; x_wconf 88' lang='lat' dir='ltr'>loquendo</span> 
     </span>
     <span class='ocr_line' id='line_1_6' title="bbox 573 783 3200 862; baseline -0.002 -15"><span class='ocrx_word' id='word_1_59' title='bbox 573 807 702 847; x_wconf 90' lang='lat' dir='ltr'>esse</span> <span class='ocrx_word' id='word_1_60' title='bbox 733 788 1127 847; x_wconf 87' lang='lat' dir='ltr'>necessariam</span> <span class='ocrx_word' id='word_1_61' title='bbox 1159 787 1436 845; x_wconf 90' lang='lat' dir='ltr'>omnibus</span> <span class='ocrx_word' id='word_1_62' title='bbox 1481 789 1544 845; x_wconf 89' lang='lat' dir='ltr'>et</span> <span class='ocrx_word' id='word_1_63' title='bbox 1587 785 1847 862; x_wconf 89' lang='lat' dir='ltr'>singulis</span> <span class='ocrx_word' id='word_1_64' title='bbox 1895 785 1957 842; x_wconf 93' lang='lat' dir='ltr'>in</span> <span class='ocrx_word' id='word_1_65' title='bbox 1989 788 2154 843; x_wconf 90' lang='lat' dir='ltr'>statu</span> <span class='ocrx_word' id='word_1_66' title='bbox 2184 784 2340 860; x_wconf 90' lang='lat' dir='ltr'>legis</span> <span class='ocrx_word' id='word_1_67' title='bbox 2370 784 2742 862; x_wconf 85' lang='lat' dir='ltr'>evangelicae</span> <span class='ocrx_word' id='word_1_68' title='bbox 2775 783 2851 841; x_wconf 84' lang='lat' dir='ltr'>ad</span> <span class='ocrx_word' id='word_1_69' title='bbox 2883 786 3200 859; x_wconf 90' lang='lat' dir='ltr'>utramque</span> 
     </span>
     <span class='ocr_line' id='line_1_7' title="bbox 574 873 3202 951; baseline -0.002 -15"><span class='ocrx_word' id='word_1_70' title='bbox 574 878 843 936; x_wconf 90' lang='lat' dir='ltr'>salutem.</span> <span class='ocrx_word' id='word_1_71' title='bbox 909 876 1071 935; x_wconf 85' lang='lat' dir='ltr'>Unde</span> <span class='ocrx_word' id='word_1_72' title='bbox 1115 876 1295 935; x_wconf 90' lang='lat' dir='ltr'>etiam</span> <span class='ocrx_word' id='word_1_73' title='bbox 1340 876 1458 934; x_wconf 88' lang='lat' dir='ltr'>dici</span> <span class='ocrx_word' id='word_1_74' title='bbox 1502 880 1704 951; x_wconf 87' lang='lat' dir='ltr'>potest</span> <span class='ocrx_word' id='word_1_75' title='bbox 1748 874 2012 933; x_wconf 89' lang='lat' dir='ltr'>medium</span> <span class='ocrx_word' id='word_1_76' title='bbox 2045 873 2460 944; x_wconf 86' lang='lat' dir='ltr'>necessarium,</span> <span class='ocrx_word' id='word_1_77' title='bbox 2507 873 2781 948; x_wconf 85' lang='lat' dir='ltr'>quamvis</span> <span class='ocrx_word' id='word_1_78' title='bbox 2812 892 2934 932; x_wconf 90' lang='lat' dir='ltr'>non</span> <span class='ocrx_word' id='word_1_79' title='bbox 2966 891 3202 947; x_wconf 88' lang='lat' dir='ltr'>semper</span> 
     </span>
     <span class='ocr_line' id='line_1_8' title="bbox 574 961 3202 1037; baseline -0.002 -11"><span class='ocrx_word' id='word_1_80' title='bbox 574 967 639 1025; x_wconf 90' lang='lat' dir='ltr'>in</span> <span class='ocrx_word' id='word_1_81' title='bbox 668 986 749 1037; x_wconf 91' lang='lat' dir='ltr'>re,</span> <span class='ocrx_word' id='word_1_82' title='bbox 796 966 898 1025; x_wconf 89' lang='lat' dir='ltr'>sed</span> <span class='ocrx_word' id='word_1_83' title='bbox 933 967 1027 1024; x_wconf 83' lang='lat' dir='ltr'>vel</span> <span class='ocrx_word' id='word_1_84' title='bbox 1058 966 1121 1023; x_wconf 91' lang='lat' dir='ltr'>in</span> <span class='ocrx_word' id='word_1_85' title='bbox 1165 983 1248 1034; x_wconf 89' lang='lat' dir='ltr'>re,</span> <span class='ocrx_word' id='word_1_86' title='bbox 1298 965 1393 1022; x_wconf 82' lang='lat' dir='ltr'>vel</span> <span class='ocrx_word' id='word_1_87' title='bbox 1424 964 1487 1022; x_wconf 92' lang='lat' dir='ltr'>in</span> <span class='ocrx_word' id='word_1_88' title='bbox 1520 970 1718 1023; x_wconf 80' lang='lat' dir='ltr'>vot0.‘</span> <span class='ocrx_word' id='word_1_89' title='bbox 1787 962 1948 1031; x_wconf 81' lang='lat' dir='ltr'>Quae</span> <span class='ocrx_word' id='word_1_90' title='bbox 1981 962 2222 1021; x_wconf 85' lang='lat' dir='ltr'>videtur</span> <span class='ocrx_word' id='word_1_91' title='bbox 2252 962 2434 1020; x_wconf 89' lang='lat' dir='ltr'>etiam</span> <span class='ocrx_word' id='word_1_92' title='bbox 2468 964 2769 1020; x_wconf 82' lang='lat' dir='ltr'>sententia</span> <span class='ocrx_word' id='word_1_93' title='bbox 2798 981 2842 1021; x_wconf 91' lang='lat' dir='ltr'>s.</span> <span class='ocrx_word' id='word_1_94' title='bbox 2877 961 3202 1021; x_wconf 82' lang='lat' dir='ltr'>Thomae</span> 
     </span>
     <span class='ocr_line' id='line_1_9' title="bbox 577 1050 3204 1130; baseline -0.004 -12"><span class='ocrx_word' id='word_1_95' title='bbox 577 1065 633 1118; x_wconf 90' lang='lat'>2.</span> <span class='ocrx_word' id='word_1_96' title='bbox 671 1064 705 1117; x_wconf 88' lang='lat'>2</span> <span class='ocrx_word' id='word_1_97' title='bbox 741 1075 797 1130; x_wconf 87' lang='lat' dir='ltr'>q.</span> <span class='ocrx_word' id='word_1_98' title='bbox 833 1064 867 1117; x_wconf 88' lang='lat'>2</span> <span class='ocrx_word' id='word_1_99' title='bbox 901 1075 953 1113; x_wconf 89' lang='lat' dir='ltr'>a.</span> <span class='ocrx_word' id='word_1_100' title='bbox 989 1065 1020 1117; x_wconf 87' lang='lat'><strong>7</strong></span> <span class='ocrx_word' id='word_1_101' title='bbox 1058 1053 1132 1112; x_wconf 86' lang='lat' dir='ltr'>ad</span> <span class='ocrx_word' id='word_1_102' title='bbox 1169 1063 1236 1117; x_wconf 88' lang='lat'>3:</span> <span class='ocrx_word' id='word_1_103' title='bbox 1285 1053 1391 1123; x_wconf 85' lang='lat' dir='ltr'>,Si</span> <span class='ocrx_word' id='word_1_104' title='bbox 1424 1053 1531 1128; x_wconf 90' lang='lat' dir='ltr'>qui</span> <span class='ocrx_word' id='word_1_105' title='bbox 1563 1057 1761 1112; x_wconf 88' lang='lat' dir='ltr'>tamen</span> <span class='ocrx_word' id='word_1_106' title='bbox 1794 1052 2003 1110; x_wconf 85' lang='lat' dir='ltr'>salvati</span> <span class='ocrx_word' id='word_1_107' title='bbox 2036 1051 2300 1126; x_wconf 80' lang='lat' dir='ltr'>fuerunt,</span> <span class='ocrx_word' id='word_1_108' title='bbox 2350 1051 2571 1126; x_wconf 89' lang='lat' dir='ltr'>quibus</span> <span class='ocrx_word' id='word_1_109' title='bbox 2607 1050 2894 1109; x_wconf 79' lang='lat' dir='ltr'>revelatio</span> <span class='ocrx_word' id='word_1_110' title='bbox 2927 1069 3050 1109; x_wconf 89' lang='lat' dir='ltr'>non</span> <span class='ocrx_word' id='word_1_111' title='bbox 3083 1050 3204 1109; x_wconf 89' lang='lat' dir='ltr'>fuit</span> 
     </span>
     <span class='ocr_line' id='line_1_10' title="bbox 573 1139 3202 1216; baseline -0.002 -14"><span class='ocrx_word' id='word_1_112' title='bbox 573 1144 743 1214; x_wconf 88' lang='lat' dir='ltr'>facta,</span> <span class='ocrx_word' id='word_1_113' title='bbox 772 1163 893 1203; x_wconf 89' lang='lat' dir='ltr'>non</span> <span class='ocrx_word' id='word_1_114' title='bbox 914 1144 1157 1203; x_wconf 87' lang='lat' dir='ltr'>fuerunt</span> <span class='ocrx_word' id='word_1_115' title='bbox 1176 1143 1388 1200; x_wconf 85' lang='lat' dir='ltr'>salvati</span> <span class='ocrx_word' id='word_1_116' title='bbox 1410 1142 1639 1216; x_wconf 86' lang='lat' dir='ltr'>absque</span> <span class='ocrx_word' id='word_1_117' title='bbox 1657 1142 1773 1200; x_wconf 84' lang='lat' dir='ltr'>fide</span> <span class='ocrx_word' id='word_1_118' title='bbox 1789 1140 2156 1200; x_wconf 84' lang='lat' dir='ltr'>Mediatoris:</span> <span class='ocrx_word' id='word_1_119' title='bbox 2190 1141 2335 1216; x_wconf 87' lang='lat' dir='ltr'>quia</span> <span class='ocrx_word' id='word_1_120' title='bbox 2366 1140 2483 1200; x_wconf 92' lang='lat' dir='ltr'>etsi</span> <span class='ocrx_word' id='word_1_121' title='bbox 2516 1158 2635 1198; x_wconf 91' lang='lat' dir='ltr'>non</span> <span class='ocrx_word' id='word_1_122' title='bbox 2652 1139 2994 1199; x_wconf 88' lang='lat' dir='ltr'>habuerunt</span> <span class='ocrx_word' id='word_1_123' title='bbox 3022 1140 3202 1198; x_wconf 90' lang='lat' dir='ltr'>fidem</span> 
     </span>
     <span class='ocr_line' id='line_1_11' title="bbox 573 1229 3203 1307; baseline -0.002 -16"><span class='ocrx_word' id='word_1_124' title='bbox 573 1233 931 1307; x_wconf 83' lang='lat' dir='ltr'>explicitam,</span> <span class='ocrx_word' id='word_1_125' title='bbox 965 1232 1306 1290; x_wconf 89' lang='lat' dir='ltr'>habuerunt</span> <span class='ocrx_word' id='word_1_126' title='bbox 1334 1236 1534 1290; x_wconf 86' lang='lat' dir='ltr'>tamen</span> <span class='ocrx_word' id='word_1_127' title='bbox 1555 1230 1727 1289; x_wconf 92' lang='lat' dir='ltr'>fidem</span> <span class='ocrx_word' id='word_1_128' title='bbox 1751 1230 2103 1306; x_wconf 88' lang='lat' dir='ltr'>implicitam</span> <span class='ocrx_word' id='word_1_129' title='bbox 2134 1230 2197 1287; x_wconf 91' lang='lat' dir='ltr'>in</span> <span class='ocrx_word' id='word_1_130' title='bbox 2231 1229 2434 1288; x_wconf 83' lang='lat' dir='ltr'>divina</span> <span class='ocrx_word' id='word_1_131' title='bbox 2463 1229 2854 1306; x_wconf 80' lang='lat' dir='ltr'>providentia,</span> <span class='ocrx_word' id='word_1_132' title='bbox 2889 1229 3203 1287; x_wconf 87' lang='lat' dir='ltr'>credentes</span> 
     </span>
     <span class='ocr_line' id='line_1_12' title="bbox 573 1318 3204 1394; baseline -0.001 -15"><span class='ocrx_word' id='word_1_133' title='bbox 573 1322 761 1380; x_wconf 89' lang='lat' dir='ltr'>Deum</span> <span class='ocrx_word' id='word_1_134' title='bbox 793 1340 922 1381; x_wconf 90' lang='lat' dir='ltr'>esse</span> <span class='ocrx_word' id='word_1_135' title='bbox 953 1321 1329 1380; x_wconf 77' lang='lat' dir='ltr'>liberatorem</span> <span class='ocrx_word' id='word_1_136' title='bbox 1363 1321 1673 1379; x_wconf 87' lang='lat' dir='ltr'>hominum</span> <span class='ocrx_word' id='word_1_137' title='bbox 1705 1319 2035 1378; x_wconf 89' lang='lat' dir='ltr'>secundum</span> <span class='ocrx_word' id='word_1_138' title='bbox 2068 1319 2272 1378; x_wconf 90' lang='lat' dir='ltr'>modos</span> <span class='ocrx_word' id='word_1_139' title='bbox 2307 1318 2422 1377; x_wconf 92' lang='lat' dir='ltr'>sibi</span> <span class='ocrx_word' id='word_1_140' title='bbox 2468 1318 2718 1394; x_wconf 90' lang='lat' dir='ltr'>placitos</span> <span class='ocrx_word' id='word_1_141' title='bbox 2764 1323 2829 1377; x_wconf 91' lang='lat' dir='ltr'>et</span> <span class='ocrx_word' id='word_1_142' title='bbox 2871 1318 3204 1377; x_wconf 89' lang='lat' dir='ltr'>secundum</span> 
     </span>
     <span class='ocr_line' id='line_1_13' title="bbox 572 1406 3202 1488; baseline -0 -19"><span class='ocrx_word' id='word_1_143' title='bbox 572 1410 733 1488; x_wconf 88' lang='lat' dir='ltr'>quod</span> <span class='ocrx_word' id='word_1_144' title='bbox 777 1410 1082 1485; x_wconf 89' lang='lat' dir='ltr'>aliquibus</span> <span class='ocrx_word' id='word_1_145' title='bbox 1128 1410 1436 1469; x_wconf 86' lang='lat' dir='ltr'>veritatem</span> <span class='ocrx_word' id='word_1_146' title='bbox 1486 1408 1978 1486; x_wconf 84' lang='lat' dir='ltr'>cognoscentibus</span> <span class='ocrx_word' id='word_1_147' title='bbox 2027 1407 2286 1483; x_wconf 85' lang='lat' dir='ltr'>Spiritus</span> <span class='ocrx_word' id='word_1_148' title='bbox 2318 1407 2694 1467; x_wconf 80' lang='lat' dir='ltr'>revelasset.‘</span> <span class='ocrx_word' id='word_1_149' title='bbox 2775 1406 2857 1470; x_wconf 80' lang='lat' dir='ltr'>Of.</span> <span class='ocrx_word' id='word_1_150' title='bbox 2907 1408 2979 1466; x_wconf 89' lang='lat' dir='ltr'>de</span> <span class='ocrx_word' id='word_1_151' title='bbox 3031 1408 3202 1468; x_wconf 85' lang='lat' dir='ltr'>verit.</span> 
     </span>
    </p>
   </div>
   <div class='ocr_carea' id='block_1_3' title="bbox 574 1499 2576 1702">
    <p class='ocr_par' dir='ltr' id='par_1_3' title="bbox 574 1499 2576 1702">
     <span class='ocr_line' id='line_1_14' title="bbox 574 1499 1098 1575; baseline -0.011 -12"><span class='ocrx_word' id='word_1_152' title='bbox 574 1519 630 1575; x_wconf 87' lang='lat' dir='ltr'>q.</span> <span class='ocrx_word' id='word_1_153' title='bbox 667 1509 744 1563; x_wconf 91' lang='lat'>29</span> <span class='ocrx_word' id='word_1_154' title='bbox 778 1519 828 1558; x_wconf 87' lang='lat' dir='ltr'>a.</span> <span class='ocrx_word' id='word_1_155' title='bbox 865 1510 898 1563; x_wconf 86' lang='grc'><strong>7</strong></span> <span class='ocrx_word' id='word_1_156' title='bbox 934 1499 1005 1557; x_wconf 92' lang='lat' dir='ltr'>ad</span> <span class='ocrx_word' id='word_1_157' title='bbox 1044 1510 1098 1561; x_wconf 82' lang='lat'>7.</span> 
     </span>
     <span class='ocr_line' id='line_1_15' title="bbox 755 1617 2576 1702; baseline -0.001 -15"><span class='ocrx_word' id='word_1_158' title='bbox 755 1618 1188 1688; x_wconf 79' lang='lat' dir='ltr'>147.Thes1s</span> <span class='ocrx_word' id='word_1_159' title='bbox 1231 1617 1579 1685; x_wconf 85' lang='lat' dir='ltr'>CXCVII.</span> <span class='ocrx_word' id='word_1_160' title='bbox 1619 1638 1785 1693; x_wconf 79' lang='lat' dir='ltr'>Sola</span> <span class='ocrx_word' id='word_1_161' title='bbox 1818 1638 1995 1701; x_wconf 60' lang='lat' dir='ltr'>nau</span> <span class='ocrx_word' id='word_1_162' title='bbox 2036 1652 2182 1692; x_wconf 76' lang='lat' dir='ltr'>mm</span> <span class='ocrx_word' id='word_1_163' title='bbox 2222 1638 2576 1702; x_wconf 59' lang='lat' dir='ltr'>§asemona</span> 
     </span>
    </p>
   </div>
   <div class='ocr_carea' id='block_1_4' title="bbox 564 1743 3203 3158">
    <p class='ocr_par' dir='ltr' id='par_1_4' title="bbox 564 1743 3203 3158">
     <span class='ocr_line' id='line_1_16' title="bbox 753 1743 3202 1811; baseline -0.002 -2"><span class='ocrx_word' id='word_1_164' title='bbox 753 1743 1195 1811; x_wconf 59' lang='lat' dir='ltr'>Declamatio.</span> <span class='ocrx_word' id='word_1_165' title='bbox 1260 1748 1332 1805; x_wconf 88' lang='lat' dir='ltr'>In</span> <span class='ocrx_word' id='word_1_166' title='bbox 1373 1747 1530 1805; x_wconf 87' lang='lat' dir='ltr'>thesi</span> <span class='ocrx_word' id='word_1_167' title='bbox 1574 1766 1763 1805; x_wconf 92' lang='lat' dir='ltr'>unum</span> <span class='ocrx_word' id='word_1_168' title='bbox 1809 1766 1878 1805; x_wconf 84' lang='lat' dir='ltr'>ex</span> <span class='ocrx_word' id='word_1_169' title='bbox 1922 1746 2221 1806; x_wconf 88' lang='lat' dir='ltr'>erroribus</span> <span class='ocrx_word' id='word_1_170' title='bbox 2262 1745 2812 1805; x_wconf 86' lang='lat' dir='ltr'>fundamentalibus</span> <span class='ocrx_word' id='word_1_171' title='bbox 2845 1749 3202 1805; x_wconf 84' lang='lat' dir='ltr'>novatorum</span> 
     </span>
     <span class='ocr_line' id='line_1_17' title="bbox 574 1835 3203 1912; baseline -0.001 -17"><span class='ocrx_word' id='word_1_172' title='bbox 574 1855 687 1895; x_wconf 91' lang='lat' dir='ltr'>sec.</span> <span class='ocrx_word' id='word_1_173' title='bbox 718 1836 867 1899; x_wconf 85' lang='lat' dir='ltr'>XVI.</span> <span class='ocrx_word' id='word_1_174' title='bbox 900 1836 1239 1894; x_wconf 69' lang='lat' dir='ltr'>refellimus</span> <span class='ocrx_word' id='word_1_175' title='bbox 1300 1836 1536 1911; x_wconf 87' lang='lat' dir='ltr'>Duplici</span> <span class='ocrx_word' id='word_1_176' title='bbox 1568 1854 1751 1894; x_wconf 89' lang='lat' dir='ltr'>sensu</span> <span class='ocrx_word' id='word_1_177' title='bbox 1783 1835 2042 1912; x_wconf 84' lang='lat' dir='ltr'>intelligi</span> <span class='ocrx_word' id='word_1_178' title='bbox 2073 1841 2276 1911; x_wconf 89' lang='lat' dir='ltr'>potest</span> <span class='ocrx_word' id='word_1_179' title='bbox 2307 1836 2653 1911; x_wconf 88' lang='lat' dir='ltr'>propositi0,</span> <span class='ocrx_word' id='word_1_180' title='bbox 2688 1836 2814 1894; x_wconf 92' lang='lat' dir='ltr'>sola</span> <span class='ocrx_word' id='word_1_181' title='bbox 2845 1835 2988 1894; x_wconf 83' lang='lat' dir='ltr'>fides</span> <span class='ocrx_word' id='word_1_182' title='bbox 3012 1835 3203 1911; x_wconf 85' lang='lat' dir='ltr'>justi·</span> 
     </span>
     <span class='ocr_line' id='line_1_18' title="bbox 573 1924 3203 2000; baseline -0.001 -16"><span class='ocrx_word' id='word_1_183' title='bbox 573 1925 737 1984; x_wconf 90' lang='lat' dir='ltr'>ficat:</span> <span class='ocrx_word' id='word_1_184' title='bbox 784 1924 1300 1993; x_wconf 82' lang='lat' dir='ltr'>affirmative,</span> <span class='ocrx_word' id='word_1_185' title='bbox 1352 1926 1437 1983; x_wconf 92' lang='lat' dir='ltr'>ita</span> <span class='ocrx_word' id='word_1_186' title='bbox 1484 1928 1556 1984; x_wconf 90' lang='lat' dir='ltr'>ut</span> <span class='ocrx_word' id='word_1_187' title='bbox 1605 1925 1952 1994; x_wconf 83' lang='lat' dir='ltr'>affirmetur,</span> <span class='ocrx_word' id='word_1_188' title='bbox 2001 1925 2160 1982; x_wconf 87' lang='lat' dir='ltr'>inter</span> <span class='ocrx_word' id='word_1_189' title='bbox 2203 1924 2405 2000; x_wconf 87' lang='lat' dir='ltr'>plures</span> <span class='ocrx_word' id='word_1_190' title='bbox 2436 1924 2877 2000; x_wconf 80' lang='lat' dir='ltr'>dispositioneS,</span> <span class='ocrx_word' id='word_1_191' title='bbox 2926 1943 3078 2000; x_wconf 88' lang='lat' dir='ltr'>quae</span> <span class='ocrx_word' id='word_1_192' title='bbox 3124 1924 3203 1982; x_wconf 89' lang='lat' dir='ltr'>ad</span> 
     </span>
     <span class='ocr_line' id='line_1_19' title="bbox 567 2013 3197 2090; baseline -0.001 -18"><span class='ocrx_word' id='word_1_193' title='bbox 567 2013 1055 2090; x_wconf 86' lang='lat' dir='ltr'>justificationem</span> <span class='ocrx_word' id='word_1_194' title='bbox 1086 2013 1433 2089; x_wconf 87' lang='lat' dir='ltr'>disponunt,</span> <span class='ocrx_word' id='word_1_195' title='bbox 1467 2013 1642 2072; x_wconf 90' lang='lat' dir='ltr'>fidem</span> <span class='ocrx_word' id='word_1_196' title='bbox 1676 2013 1965 2081; x_wconf 90' lang='lat' dir='ltr'>sufficere,</span> <span class='ocrx_word' id='word_1_197' title='bbox 2014 2014 2286 2089; x_wconf 83' lang='lat' dir='ltr'>quamvis</span> <span class='ocrx_word' id='word_1_198' title='bbox 2316 2013 2469 2072; x_wconf 87' lang='lat' dir='ltr'>aliae</span> <span class='ocrx_word' id='word_1_199' title='bbox 2501 2032 2619 2072; x_wconf 90' lang='lat' dir='ltr'>non</span> <span class='ocrx_word' id='word_1_200' title='bbox 2653 2013 2884 2081; x_wconf 86' lang='lat' dir='ltr'>adsint;</span> <span class='ocrx_word' id='word_1_201' title='bbox 2932 2013 3026 2071; x_wconf 82' lang='lat' dir='ltr'>vel</span> <span class='ocrx_word' id='word_1_202' title='bbox 3071 2032 3197 2071; x_wconf 84' lang='lat' dir='ltr'>ex-</span> 
     </span>
     <span class='ocr_line' id='line_1_20' title="bbox 574 2102 3202 2181; baseline -0.001 -19"><span class='ocrx_word' id='word_1_203' title='bbox 574 2103 910 2181; x_wconf 85' lang='lat' dir='ltr'>clusive,</span> <span class='ocrx_word' id='word_1_204' title='bbox 946 2106 1017 2161; x_wconf 89' lang='lat' dir='ltr'>ut</span> <span class='ocrx_word' id='word_1_205' title='bbox 1049 2102 1438 2179; x_wconf 88' lang='lat' dir='ltr'>significetur,</span> <span class='ocrx_word' id='word_1_206' title='bbox 1473 2103 1704 2161; x_wconf 86' lang='lat' dir='ltr'>nullam</span> <span class='ocrx_word' id='word_1_207' title='bbox 1736 2104 1913 2161; x_wconf 88' lang='lat' dir='ltr'>aliam</span> <span class='ocrx_word' id='word_1_208' title='bbox 1947 2102 2402 2177; x_wconf 82' lang='lat' dir='ltr'>dispositionem</span> <span class='ocrx_word' id='word_1_209' title='bbox 2432 2102 2508 2161; x_wconf 91' lang='lat' dir='ltr'>ad</span> <span class='ocrx_word' id='word_1_210' title='bbox 2530 2102 3025 2179; x_wconf 88' lang='lat' dir='ltr'>justificationem</span> <span class='ocrx_word' id='word_1_211' title='bbox 3057 2119 3202 2160; x_wconf 92' lang='lat' dir='ltr'>con-</span> 
     </span>
     <span class='ocr_line' id='line_1_21' title="bbox 577 2191 3202 2267; baseline 0 -18"><span class='ocrx_word' id='word_1_212' title='bbox 577 2191 792 2250; x_wconf 87' lang='lat' dir='ltr'>ducere</span> <span class='ocrx_word' id='word_1_213' title='bbox 835 2194 1077 2267; x_wconf 86' lang='lat' dir='ltr'>excepta</span> <span class='ocrx_word' id='word_1_214' title='bbox 1120 2192 1252 2249; x_wconf 90' lang='lat' dir='ltr'>fide.</span> <span class='ocrx_word' id='word_1_215' title='bbox 1317 2192 1578 2266; x_wconf 88' lang='lat' dir='ltr'>Uterque</span> <span class='ocrx_word' id='word_1_216' title='bbox 1624 2210 1837 2250; x_wconf 89' lang='lat' dir='ltr'>sensus</span> <span class='ocrx_word' id='word_1_217' title='bbox 1883 2197 1972 2249; x_wconf 92' lang='lat' dir='ltr'>est</span> <span class='ocrx_word' id='word_1_218' title='bbox 2017 2192 2222 2252; x_wconf 80' lang='lat' dir='ltr'>falsus,</span> <span class='ocrx_word' id='word_1_219' title='bbox 2283 2192 2690 2251; x_wconf 84' lang='lat' dir='ltr'>Protestantes</span> <span class='ocrx_word' id='word_1_220' title='bbox 2730 2191 3202 2267; x_wconf 78' lang='lat' dir='ltr'>propositionem</span> 
     </span>
     <span class='ocr_line' id='line_1_22' title="bbox 572 2279 3198 2357; baseline 0 -19"><span class='ocrx_word' id='word_1_221' title='bbox 572 2281 890 2357; x_wconf 87' lang='lat' dir='ltr'>posteriori</span> <span class='ocrx_word' id='word_1_222' title='bbox 912 2280 1260 2355; x_wconf 89' lang='lat' dir='ltr'>praesertim</span> <span class='ocrx_word' id='word_1_223' title='bbox 1292 2299 1472 2339; x_wconf 90' lang='lat' dir='ltr'>sensu</span> <span class='ocrx_word' id='word_1_224' title='bbox 1501 2285 1772 2339; x_wconf 88' lang='lat' dir='ltr'>tuentur.</span> <span class='ocrx_word' id='word_1_225' title='bbox 1821 2281 2034 2339; x_wconf 87' lang='lat' dir='ltr'>Contra</span> <span class='ocrx_word' id='word_1_226' title='bbox 2065 2280 2224 2339; x_wconf 90' lang='lat' dir='ltr'>hunc</span> <span class='ocrx_word' id='word_1_227' title='bbox 2254 2298 2513 2339; x_wconf 90' lang='lat' dir='ltr'>errorem</span> <span class='ocrx_word' id='word_1_228' title='bbox 2546 2281 2761 2339; x_wconf 89' lang='lat' dir='ltr'>statuit</span> <span class='ocrx_word' id='word_1_229' title='bbox 2789 2298 2948 2339; x_wconf 88' lang='lat' dir='ltr'>conc.</span> <span class='ocrx_word' id='word_1_230' title='bbox 2968 2279 3198 2339; x_wconf 86' lang='lat' dir='ltr'>triden-</span> 
     </span>
     <span class='ocr_line' id='line_1_23' title="bbox 571 2368 3198 2445; baseline 0 -18"><span class='ocrx_word' id='word_1_231' title='bbox 571 2369 769 2428; x_wconf 83' lang='lat' dir='ltr'>tinum</span> <span class='ocrx_word' id='word_1_232' title='bbox 802 2388 945 2428; x_wconf 88' lang='lat' dir='ltr'>sess.</span> <span class='ocrx_word' id='word_1_233' title='bbox 969 2380 1003 2432; x_wconf 88' lang='lat'>6</span> <span class='ocrx_word' id='word_1_234' title='bbox 1038 2388 1087 2433; x_wconf 90' lang='lat' dir='ltr'>c.</span> <span class='ocrx_word' id='word_1_235' title='bbox 1120 2379 1190 2433; x_wconf 82' lang='lat'>9:</span> <span class='ocrx_word' id='word_1_236' title='bbox 1226 2370 1332 2439; x_wconf 84' lang='lat' dir='ltr'>,Si</span> <span class='ocrx_word' id='word_1_237' title='bbox 1364 2369 1499 2445; x_wconf 91' lang='lat' dir='ltr'>quis</span> <span class='ocrx_word' id='word_1_238' title='bbox 1532 2369 1767 2436; x_wconf 82' lang='lat' dir='ltr'>dixerit,</span> <span class='ocrx_word' id='word_1_239' title='bbox 1804 2370 1930 2427; x_wconf 88' lang='lat' dir='ltr'>sola</span> <span class='ocrx_word' id='word_1_240' title='bbox 1962 2369 2074 2427; x_wconf 88' lang='lat' dir='ltr'>fide</span> <span class='ocrx_word' id='word_1_241' title='bbox 2105 2368 2356 2445; x_wconf 90' lang='lat' dir='ltr'>impium</span> <span class='ocrx_word' id='word_1_242' title='bbox 2380 2368 2717 2445; x_wconf 87' lang='lat' dir='ltr'>justificari,</span> <span class='ocrx_word' id='word_1_243' title='bbox 2751 2370 2838 2428; x_wconf 89' lang='lat' dir='ltr'>ita</span> <span class='ocrx_word' id='word_1_244' title='bbox 2870 2373 2939 2428; x_wconf 92' lang='lat' dir='ltr'>ut</span> <span class='ocrx_word' id='word_1_245' title='bbox 2969 2369 3198 2428; x_wconf 90' lang='lat' dir='ltr'>intelli-</span> 
     </span>
     <span class='ocr_line' id='line_1_24' title="bbox 572 2458 3198 2536; baseline -0 -19"><span class='ocrx_word' id='word_1_246' title='bbox 572 2461 694 2536; x_wconf 89' lang='lat' dir='ltr'>gat,</span> <span class='ocrx_word' id='word_1_247' title='bbox 728 2459 879 2516; x_wconf 88' lang='lat' dir='ltr'>nihil</span> <span class='ocrx_word' id='word_1_248' title='bbox 910 2458 1070 2516; x_wconf 90' lang='lat' dir='ltr'>aliud</span> <span class='ocrx_word' id='word_1_249' title='bbox 1105 2459 1348 2535; x_wconf 89' lang='lat' dir='ltr'>requiri,</span> <span class='ocrx_word' id='word_1_250' title='bbox 1384 2458 1544 2533; x_wconf 90' lang='lat' dir='ltr'>quod</span> <span class='ocrx_word' id='word_1_251' title='bbox 1574 2458 1647 2516; x_wconf 90' lang='lat' dir='ltr'>ad</span> <span class='ocrx_word' id='word_1_252' title='bbox 1672 2458 2122 2533; x_wconf 85' lang='lat' dir='ltr'>justificationis</span> <span class='ocrx_word' id='word_1_253' title='bbox 2142 2458 2395 2534; x_wconf 89' lang='lat' dir='ltr'>gratiam</span> <span class='ocrx_word' id='word_1_254' title='bbox 2417 2458 2889 2534; x_wconf 75' lang='lat' dir='ltr'>consequendam</span> <span class='ocrx_word' id='word_1_255' title='bbox 2922 2477 3198 2535; x_wconf 85' lang='lat' dir='ltr'>coopere-</span> 
     </span>
     <span class='ocr_line' id='line_1_25' title="bbox 573 2547 3198 2624; baseline -0.001 -18"><span class='ocrx_word' id='word_1_256' title='bbox 573 2552 694 2618; x_wconf 91' lang='lat' dir='ltr'>tur,</span> <span class='ocrx_word' id='word_1_257' title='bbox 728 2551 791 2607; x_wconf 90' lang='lat' dir='ltr'>et</span> <span class='ocrx_word' id='word_1_258' title='bbox 820 2548 988 2606; x_wconf 92' lang='lat' dir='ltr'>nulla</span> <span class='ocrx_word' id='word_1_259' title='bbox 1019 2566 1086 2605; x_wconf 87' lang='lat' dir='ltr'>ex</span> <span class='ocrx_word' id='word_1_260' title='bbox 1120 2552 1289 2624; x_wconf 89' lang='lat' dir='ltr'>parte</span> <span class='ocrx_word' id='word_1_261' title='bbox 1319 2565 1555 2606; x_wconf 91' lang='lat' dir='ltr'>necesse</span> <span class='ocrx_word' id='word_1_262' title='bbox 1587 2565 1730 2614; x_wconf 88' lang='lat' dir='ltr'>esse,</span> <span class='ocrx_word' id='word_1_263' title='bbox 1764 2565 1902 2605; x_wconf 86' lang='lat' dir='ltr'>eum</span> <span class='ocrx_word' id='word_1_264' title='bbox 1937 2565 2075 2605; x_wconf 88' lang='lat' dir='ltr'>suae</span> <span class='ocrx_word' id='word_1_265' title='bbox 2099 2547 2426 2605; x_wconf 86' lang='lat' dir='ltr'>voluntatis</span> <span class='ocrx_word' id='word_1_266' title='bbox 2447 2551 2614 2606; x_wconf 79' lang='lat' dir='ltr'>motu</span> <span class='ocrx_word' id='word_1_267' title='bbox 2646 2548 2984 2623; x_wconf 91' lang='lat' dir='ltr'>praeparari</span> <span class='ocrx_word' id='word_1_268' title='bbox 3014 2551 3198 2621; x_wconf 89' lang='lat' dir='ltr'>atque</span> 
     </span>
     <span class='ocr_line' id='line_1_26' title="bbox 573 2635 3197 2714; baseline -0 -18"><span class='ocrx_word' id='word_1_269' title='bbox 573 2636 825 2714; x_wconf 90' lang='lat' dir='ltr'>disponi,</span> <span class='ocrx_word' id='word_1_270' title='bbox 873 2637 942 2697; x_wconf 88' lang='lat' dir='ltr'>A.</span> <span class='ocrx_word' id='word_1_271' title='bbox 990 2636 1087 2699; x_wconf 85' lang='lat' dir='ltr'>S.‘</span> <span class='ocrx_word' id='word_1_272' title='bbox 1154 2636 1234 2697; x_wconf 82' lang='lat' dir='ltr'>cf.</span> <span class='ocrx_word' id='word_1_273' title='bbox 1280 2637 1458 2695; x_wconf 89' lang='lat' dir='ltr'>etiam</span> <span class='ocrx_word' id='word_1_274' title='bbox 1494 2654 1540 2694; x_wconf 90' lang='lat' dir='ltr'>c.</span> <span class='ocrx_word' id='word_1_275' title='bbox 1584 2644 1678 2699; x_wconf 90' lang='lat'>12.</span> <span class='ocrx_word' id='word_1_276' title='bbox 1721 2645 1815 2699; x_wconf 88' lang='lat'>14.</span> <span class='ocrx_word' id='word_1_277' title='bbox 1877 2635 2019 2695; x_wconf 85' lang='lat' dir='ltr'>Cum</span> <span class='ocrx_word' id='word_1_278' title='bbox 2068 2654 2206 2695; x_wconf 82' lang='lat' dir='ltr'>vero</span> <span class='ocrx_word' id='word_1_279' title='bbox 2240 2636 2497 2696; x_wconf 85' lang='lat' dir='ltr'>exclusio</span> <span class='ocrx_word' id='word_1_280' title='bbox 2532 2655 2773 2712; x_wconf 89' lang='lat' dir='ltr'>operum</span> <span class='ocrx_word' id='word_1_281' title='bbox 2807 2636 3098 2696; x_wconf 89' lang='lat' dir='ltr'>bonorum</span> <span class='ocrx_word' id='word_1_282' title='bbox 3132 2636 3197 2695; x_wconf 89' lang='lat' dir='ltr'>in</span> 
     </span>
     <span class='ocr_line' id='line_1_27' title="bbox 564 2725 3195 2803; baseline -0 -18"><span class='ocrx_word' id='word_1_283' title='bbox 564 2726 1020 2803; x_wconf 86' lang='lat' dir='ltr'>justificationis</span> <span class='ocrx_word' id='word_1_284' title='bbox 1053 2726 1290 2802; x_wconf 87' lang='lat' dir='ltr'>negotio</span> <span class='ocrx_word' id='word_1_285' title='bbox 1321 2725 1502 2784; x_wconf 90' lang='lat' dir='ltr'>nimis</span> <span class='ocrx_word' id='word_1_286' title='bbox 1535 2726 1881 2784; x_wconf 89' lang='lat' dir='ltr'>abhorreret</span> <span class='ocrx_word' id='word_1_287' title='bbox 1910 2746 1944 2784; x_wconf 89' lang='lat' dir='ltr'>a</span> <span class='ocrx_word' id='word_1_288' title='bbox 1976 2743 2156 2783; x_wconf 90' lang='lat' dir='ltr'>sensu</span> <span class='ocrx_word' id='word_1_289' title='bbox 2190 2726 2532 2795; x_wconf 89' lang='lat' dir='ltr'>christiano,</span> <span class='ocrx_word' id='word_1_290' title='bbox 2567 2725 2910 2784; x_wconf 83' lang='lat' dir='ltr'>fatebantur</span> <span class='ocrx_word' id='word_1_291' title='bbox 2941 2726 3195 2785; x_wconf 89' lang='lat' dir='ltr'>subinde</span> 
     </span>
     <span class='ocr_line' id='line_1_28' title="bbox 571 2814 3193 2892; baseline -0.001 -17"><span class='ocrx_word' id='word_1_292' title='bbox 571 2817 775 2892; x_wconf 89' lang='lat' dir='ltr'>plures</span> <span class='ocrx_word' id='word_1_293' title='bbox 820 2834 889 2874; x_wconf 83' lang='lat' dir='ltr'>ex</span> <span class='ocrx_word' id='word_1_294' title='bbox 934 2815 1307 2884; x_wconf 84' lang='lat' dir='ltr'>adversariis,</span> <span class='ocrx_word' id='word_1_295' title='bbox 1354 2814 1628 2890; x_wconf 86' lang='lat' dir='ltr'>quamvis</span> <span class='ocrx_word' id='word_1_296' title='bbox 1661 2814 1779 2872; x_wconf 89' lang='lat' dir='ltr'>sibi</span> <span class='ocrx_word' id='word_1_297' title='bbox 1811 2834 1917 2890; x_wconf 88' lang='lat' dir='ltr'>pro</span> <span class='ocrx_word' id='word_1_298' title='bbox 1949 2834 2110 2873; x_wconf 88' lang='lat' dir='ltr'>more</span> <span class='ocrx_word' id='word_1_299' title='bbox 2141 2814 2628 2884; x_wconf 87' lang='lat' dir='ltr'>contradicentes,</span> <span class='ocrx_word' id='word_1_300' title='bbox 2677 2834 2739 2874; x_wconf 91' lang='lat' dir='ltr'>se</span> <span class='ocrx_word' id='word_1_301' title='bbox 2783 2833 2903 2873; x_wconf 92' lang='lat' dir='ltr'>non</span> <span class='ocrx_word' id='word_1_302' title='bbox 2949 2815 3193 2890; x_wconf 88' lang='lat' dir='ltr'>penitus</span> 
     </span>
     <span class='ocr_line' id='line_1_29' title="bbox 572 2903 3191 2979; baseline -0.001 -16"><span class='ocrx_word' id='word_1_303' title='bbox 572 2905 882 2964; x_wconf 84' lang='lat' dir='ltr'>excludere</span> <span class='ocrx_word' id='word_1_304' title='bbox 915 2905 1070 2962; x_wconf 90' lang='lat' dir='ltr'>bona</span> <span class='ocrx_word' id='word_1_305' title='bbox 1101 2922 1300 2978; x_wconf 86' lang='lat' dir='ltr'>opera,</span> <span class='ocrx_word' id='word_1_306' title='bbox 1342 2921 1477 2961; x_wconf 91' lang='lat' dir='ltr'>cum</span> <span class='ocrx_word' id='word_1_307' title='bbox 1509 2923 1576 2962; x_wconf 91' lang='lat' dir='ltr'>ea</span> <span class='ocrx_word' id='word_1_308' title='bbox 1608 2908 1819 2979; x_wconf 89' lang='lat' dir='ltr'>sponte</span> <span class='ocrx_word' id='word_1_309' title='bbox 1852 2922 1960 2962; x_wconf 88' lang='lat' dir='ltr'>sua</span> <span class='ocrx_word' id='word_1_310' title='bbox 1991 2908 2434 2979; x_wconf 89' lang='lat' dir='ltr'>consequantur</span> <span class='ocrx_word' id='word_1_311' title='bbox 2464 2922 2663 2962; x_wconf 80' lang='lat' dir='ltr'>veram</span> <span class='ocrx_word' id='word_1_312' title='bbox 2694 2904 2869 2963; x_wconf 89' lang='lat' dir='ltr'>fidem</span> <span class='ocrx_word' id='word_1_313' title='bbox 2901 2907 2964 2962; x_wconf 89' lang='lat' dir='ltr'>et</span> <span class='ocrx_word' id='word_1_314' title='bbox 2994 2903 3191 2979; x_wconf 87' lang='lat' dir='ltr'>requi·</span> 
     </span>
     <span class='ocr_line' id='line_1_30' title="bbox 571 2992 3199 3069; baseline 0 -17"><span class='ocrx_word' id='word_1_315' title='bbox 571 3001 783 3052; x_wconf 85' lang='lat' dir='ltr'>rantur</span> <span class='ocrx_word' id='word_1_316' title='bbox 827 3011 946 3051; x_wconf 90' lang='lat' dir='ltr'>non</span> <span class='ocrx_word' id='word_1_317' title='bbox 992 2992 1347 3051; x_wconf 85' lang='lat' dir='ltr'>necessitate</span> <span class='ocrx_word' id='word_1_318' title='bbox 1379 2993 1712 3069; x_wconf 84' lang='lat' dir='ltr'>exigentiae</span> <span class='ocrx_word' id='word_1_319' title='bbox 1744 3011 1852 3051; x_wconf 91' lang='lat' dir='ltr'>seu</span> <span class='ocrx_word' id='word_1_320' title='bbox 1898 2992 2323 3068; x_wconf 74' lang='lat' dir='ltr'>dispositionis,</span> <span class='ocrx_word' id='word_1_321' title='bbox 2374 2992 2478 3052; x_wconf 90' lang='lat' dir='ltr'>sed</span> <span class='ocrx_word' id='word_1_322' title='bbox 2523 2993 2878 3052; x_wconf 81' lang='lat' dir='ltr'>necessitate</span> <span class='ocrx_word' id='word_1_323' title='bbox 2924 2992 3199 3052; x_wconf 81' lang='lat' dir='ltr'>veritatis</span> 
     </span>
     <span class='ocr_line' id='line_1_31' title="bbox 571 3081 2400 3158; baseline 0.001 -18"><span class='ocrx_word' id='word_1_324' title='bbox 571 3101 676 3141; x_wconf 90' lang='lat' dir='ltr'>seu</span> <span class='ocrx_word' id='word_1_325' title='bbox 706 3087 777 3140; x_wconf 91' lang='lat' dir='ltr'>ut</span> <span class='ocrx_word' id='word_1_326' title='bbox 806 3082 978 3158; x_wconf 89' lang='lat' dir='ltr'>signa</span> <span class='ocrx_word' id='word_1_327' title='bbox 1009 3100 1178 3140; x_wconf 88' lang='lat' dir='ltr'>verae</span> <span class='ocrx_word' id='word_1_328' title='bbox 1211 3081 1362 3144; x_wconf 87' lang='lat' dir='ltr'>fidei.</span> <span class='ocrx_word' id='word_1_329' title='bbox 1429 3081 1511 3146; x_wconf 83' lang='lat' dir='ltr'>cf.</span> <span class='ocrx_word' id='word_1_330' title='bbox 1543 3081 1834 3141; x_wconf 73' lang='lat' dir='ltr'>Mohler</span> <span class='ocrx_word' id='word_1_331' title='bbox 1866 3081 2065 3158; x_wconf 82' lang='lat' dir='ltr'>Symb.</span> <span class='ocrx_word' id='word_1_332' title='bbox 2097 3085 2128 3154; x_wconf 64' lang='grc' dir='ltr'>δ</span> <span class='ocrx_word' id='word_1_333' title='bbox 2171 3091 2264 3144; x_wconf 88' lang='grc'>18.</span> <span class='ocrx_word' id='word_1_334' title='bbox 2301 3090 2400 3143; x_wconf 84' lang='grc'>22.</span> 
     </span>
    </p>
   </div>
   <div class='ocr_carea' id='block_1_5' title="bbox 560 3199 3200 4779">
    <p class='ocr_par' dir='ltr' id='par_1_5' title="bbox 560 3199 3200 4566">
     <span class='ocr_line' id='line_1_32' title="bbox 754 3199 3200 3280; baseline -0.001 -11"><span class='ocrx_word' id='word_1_335' title='bbox 754 3207 898 3269; x_wconf 86' lang='grc'>148.</span> <span class='ocrx_word' id='word_1_336' title='bbox 932 3201 1506 3270; x_wconf 84' lang='lat' dir='ltr'>Demonstratlo.</span> <span class='ocrx_word' id='word_1_337' title='bbox 1545 3201 1606 3270; x_wconf 92' lang='lat'>1.</span> <span class='ocrx_word' id='word_1_338' title='bbox 1642 3200 1967 3265; x_wconf 85' lang='lat' dir='ltr'>Probatur</span> <span class='ocrx_word' id='word_1_339' title='bbox 1998 3201 2196 3265; x_wconf 87' lang='lat' dir='ltr'>thesis</span> <span class='ocrx_word' id='word_1_340' title='bbox 2228 3200 2354 3264; x_wconf 90' lang='lat' dir='ltr'>hoc</span> <span class='ocrx_word' id='word_1_341' title='bbox 2385 3208 2803 3280; x_wconf 84' lang='lat' dir='ltr'>argumento:</span> <span class='ocrx_word' id='word_1_342' title='bbox 2853 3200 3075 3267; x_wconf 86' lang='lat' dir='ltr'>Plures</span> <span class='ocrx_word' id='word_1_343' title='bbox 3107 3199 3200 3266; x_wconf 89' lang='lat' dir='ltr'>ob</span> 
     </span>
     <span class='ocr_line' id='line_1_33' title="bbox 572 3307 3198 3390; baseline 0 -19"><span class='ocrx_word' id='word_1_344' title='bbox 572 3307 891 3373; x_wconf 87' lang='lat' dir='ltr'>defectum</span> <span class='ocrx_word' id='word_1_345' title='bbox 938 3307 1256 3371; x_wconf 88' lang='lat' dir='ltr'>bonorum</span> <span class='ocrx_word' id='word_1_346' title='bbox 1302 3327 1567 3390; x_wconf 89' lang='lat' dir='ltr'>operum</span> <span class='ocrx_word' id='word_1_347' title='bbox 1615 3308 2116 3383; x_wconf 88' lang='lat' dir='ltr'>damnabuntur,</span> <span class='ocrx_word' id='word_1_348' title='bbox 2165 3308 2460 3390; x_wconf 85' lang='lat' dir='ltr'>quamvis</span> <span class='ocrx_word' id='word_1_349' title='bbox 2505 3308 2789 3373; x_wconf 85' lang='lat' dir='ltr'>habeant</span> <span class='ocrx_word' id='word_1_350' title='bbox 2851 3307 3060 3384; x_wconf 90' lang='lat' dir='ltr'>fidem,</span> <span class='ocrx_word' id='word_1_351' title='bbox 3123 3314 3198 3372; x_wconf 89' lang='lat' dir='ltr'>ut</span> 
     </span>
     <span class='ocr_line' id='line_1_34' title="bbox 570 3414 3199 3500; baseline 0 -24"><span class='ocrx_word' id='word_1_352' title='bbox 570 3419 749 3494; x_wconf 87' lang='lat' dir='ltr'>patet</span> <span class='ocrx_word' id='word_1_353' title='bbox 782 3432 861 3477; x_wconf 88' lang='lat' dir='ltr'>ex</span> <span class='ocrx_word' id='word_1_354' title='bbox 894 3414 1139 3494; x_wconf 82' lang='lat' dir='ltr'>integro</span> <span class='ocrx_word' id='word_1_355' title='bbox 1174 3433 1311 3497; x_wconf 87' lang='lat' dir='ltr'>cap.</span> <span class='ocrx_word' id='word_1_356' title='bbox 1347 3421 1431 3484; x_wconf 78' lang='lat'>25</span> <span class='ocrx_word' id='word_1_357' title='bbox 1464 3415 1684 3479; x_wconf 87' lang='lat' dir='ltr'>Matth.</span> <span class='ocrx_word' id='word_1_358' title='bbox 1719 3422 1786 3480; x_wconf 91' lang='lat' dir='ltr'>et</span> <span class='ocrx_word' id='word_1_359' title='bbox 1822 3422 1878 3492; x_wconf 83' lang='lat'>7,</span> <span class='ocrx_word' id='word_1_360' title='bbox 1914 3421 2032 3484; x_wconf 80' lang='lat'>21:</span> <span class='ocrx_word' id='word_1_361' title='bbox 2098 3415 2239 3478; x_wconf 85' lang='lat' dir='ltr'>Non</span> <span class='ocrx_word' id='word_1_362' title='bbox 2273 3417 2495 3495; x_wconf 70' lang='lat' dir='ltr'>omme,</span> <span class='ocrx_word' id='word_1_363' title='bbox 2527 3417 2634 3500; x_wconf 83' lang='lat' dir='ltr'>qui</span> <span class='ocrx_word' id='word_1_364' title='bbox 2665 3416 2814 3478; x_wconf 79' lang='lat' dir='ltr'>dicit</span> <span class='ocrx_word' id='word_1_365' title='bbox 2846 3414 3033 3477; x_wconf 79' lang='lat' dir='ltr'>mihi:</span> <span class='ocrx_word' id='word_1_366' title='bbox 3065 3414 3199 3477; x_wconf 87' lang='lat' dir='ltr'>Do-</span> 
     </span>
     <span class='ocr_line' id='line_1_35' title="bbox 570 3519 3198 3606; baseline 0.001 -25"><span class='ocrx_word' id='word_1_367' title='bbox 570 3521 755 3603; x_wconf 82' lang='lat' dir='ltr'>mine,</span> <span class='ocrx_word' id='word_1_368' title='bbox 790 3519 1072 3596; x_wconf 72' lang='lat' dir='ltr'>Domt&#39;ne,</span> <span class='ocrx_word' id='word_1_369' title='bbox 1106 3523 1366 3586; x_wconf 77' lang='lat' dir='ltr'>intrabit</span> <span class='ocrx_word' id='word_1_370' title='bbox 1396 3523 1464 3584; x_wconf 79' lang='lat' dir='ltr'>in</span> <span class='ocrx_word' id='word_1_371' title='bbox 1500 3541 1757 3605; x_wconf 74' lang='lat' dir='ltr'>reqnum</span> <span class='ocrx_word' id='word_1_372' title='bbox 1792 3521 2117 3605; x_wconf 82' lang='lat' dir='ltr'>coelorum,</span> <span class='ocrx_word' id='word_1_373' title='bbox 2148 3522 2255 3584; x_wconf 84' lang='lat' dir='ltr'>sed</span> <span class='ocrx_word' id='word_1_374' title='bbox 2274 3524 2381 3606; x_wconf 82' lang='lat' dir='ltr'>qui</span> <span class='ocrx_word' id='word_1_375' title='bbox 2399 3523 2559 3606; x_wconf 74' lang='lat' dir='ltr'>facit</span> <span class='ocrx_word' id='word_1_376' title='bbox 2578 3524 2954 3587; x_wconf 79' lang='lat' dir='ltr'>voluntatem</span> <span class='ocrx_word' id='word_1_377' title='bbox 2977 3521 3198 3586; x_wconf 81' lang='lat' dir='ltr'>Patris</span> 
     </span>
     <span class='ocr_line' id='line_1_36' title="bbox 570 3626 3197 3711; baseline 0.002 -23"><span class='ocrx_word' id='word_1_378' title='bbox 570 3629 705 3690; x_wconf 75' lang='lat' dir='ltr'>mei.</span> <span class='ocrx_word' id='word_1_379' title='bbox 768 3626 931 3706; x_wconf 86' lang='lat' dir='ltr'>Ergo</span> <span class='ocrx_word' id='word_1_380' title='bbox 963 3631 1225 3708; x_wconf 90' lang='lat' dir='ltr'>propter</span> <span class='ocrx_word' id='word_1_381' title='bbox 1269 3626 1585 3692; x_wconf 86' lang='lat' dir='ltr'>defectum</span> <span class='ocrx_word' id='word_1_382' title='bbox 1619 3628 1941 3692; x_wconf 88' lang='lat' dir='ltr'>bonorum</span> <span class='ocrx_word' id='word_1_383' title='bbox 1987 3647 2253 3709; x_wconf 90' lang='lat' dir='ltr'>operum</span> <span class='ocrx_word' id='word_1_384' title='bbox 2286 3634 2509 3693; x_wconf 83' lang='lat' dir='ltr'>carent</span> <span class='ocrx_word' id='word_1_385' title='bbox 2555 3629 2760 3709; x_wconf 85' lang='lat' dir='ltr'>gratia</span> <span class='ocrx_word' id='word_1_386' title='bbox 2783 3628 3197 3711; x_wconf 85' lang='lat' dir='ltr'>justificante,</span> 
     </span>
     <span class='ocr_line' id='line_1_37' title="bbox 572 3732 3196 3817; baseline 0.001 -21"><span class='ocrx_word' id='word_1_387' title='bbox 572 3732 853 3815; x_wconf 88' lang='lat' dir='ltr'>alioquin</span> <span class='ocrx_word' id='word_1_388' title='bbox 884 3751 1017 3796; x_wconf 92' lang='lat' dir='ltr'>non</span> <span class='ocrx_word' id='word_1_389' title='bbox 1049 3734 1525 3798; x_wconf 85' lang='lat' dir='ltr'>damnarentur.</span> <span class='ocrx_word' id='word_1_390' title='bbox 1559 3733 1722 3815; x_wconf 85' lang='lat' dir='ltr'>Ergo</span> <span class='ocrx_word' id='word_1_391' title='bbox 1755 3734 1897 3798; x_wconf 89' lang='lat' dir='ltr'>sola</span> <span class='ocrx_word' id='word_1_392' title='bbox 1927 3733 2084 3798; x_wconf 89' lang='lat' dir='ltr'>fides</span> <span class='ocrx_word' id='word_1_393' title='bbox 2117 3753 2249 3798; x_wconf 89' lang='lat' dir='ltr'>non</span> <span class='ocrx_word' id='word_1_394' title='bbox 2273 3735 2595 3816; x_wconf 87' lang='lat' dir='ltr'>justificat.</span> <span class='ocrx_word' id='word_1_395' title='bbox 2643 3737 2738 3799; x_wconf 87' lang='lat' dir='ltr'>Ita</span> <span class='ocrx_word' id='word_1_396' title='bbox 2770 3736 3027 3817; x_wconf 91' lang='lat' dir='ltr'>epuloni</span> <span class='ocrx_word' id='word_1_397' title='bbox 3059 3753 3196 3799; x_wconf 90' lang='lat' dir='ltr'>non</span> 
     </span>
     <span class='ocr_line' id='line_1_38' title="bbox 570 3838 3194 3924; baseline 0.001 -22"><span class='ocrx_word' id='word_1_398' title='bbox 570 3838 997 3921; x_wconf 86' lang='lat' dir='ltr'>exprobratur</span> <span class='ocrx_word' id='word_1_399' title='bbox 1027 3838 1190 3916; x_wconf 85' lang='lat' dir='ltr'>fidei,</span> <span class='ocrx_word' id='word_1_400' title='bbox 1224 3841 1338 3905; x_wconf 87' lang='lat' dir='ltr'>sed</span> <span class='ocrx_word' id='word_1_401' title='bbox 1381 3838 1862 3905; x_wconf 86' lang='lat' dir='ltr'>misericordiae</span> <span class='ocrx_word' id='word_1_402' title='bbox 1911 3840 2359 3923; x_wconf 87' lang='lat' dir='ltr'>bonorumque</span> <span class='ocrx_word' id='word_1_403' title='bbox 2411 3860 2677 3924; x_wconf 91' lang='lat' dir='ltr'>operum</span> <span class='ocrx_word' id='word_1_404' title='bbox 2727 3843 3011 3908; x_wconf 84' lang='lat' dir='ltr'>defectus</span> <span class='ocrx_word' id='word_1_405' title='bbox 3043 3841 3194 3905; x_wconf 81' lang='lat' dir='ltr'>Luc,</span> 
     </span>
     <span class='ocr_line' id='line_1_39' title="bbox 574 3944 3196 4029; baseline -0.001 -15"><span class='ocrx_word' id='word_1_406' title='bbox 574 3952 673 4022; x_wconf 84' lang='lat'>16,</span> <span class='ocrx_word' id='word_1_407' title='bbox 718 3949 793 4015; x_wconf 85' lang='lat'>19</span> <span class='ocrx_word' id='word_1_408' title='bbox 826 3966 907 4009; x_wconf 76' lang='lat'>55.</span> <span class='ocrx_word' id='word_1_409' title='bbox 971 3944 1378 4029; x_wconf 87' lang='lat' dir='ltr'>Quapropter</span> <span class='ocrx_word' id='word_1_410' title='bbox 1407 3948 1704 4011; x_wconf 84' lang='lat' dir='ltr'>hortatur</span> <span class='ocrx_word' id='word_1_411' title='bbox 1736 3945 2029 4013; x_wconf 86' lang='lat' dir='ltr'>Christus</span> <span class='ocrx_word' id='word_1_412' title='bbox 2061 3948 2141 4012; x_wconf 91' lang='lat' dir='ltr'>ib.</span> <span class='ocrx_word' id='word_1_413' title='bbox 2176 3968 2232 4011; x_wconf 90' lang='lat' dir='ltr'>v.</span> <span class='ocrx_word' id='word_1_414' title='bbox 2267 3954 2341 4017; x_wconf 82' lang='lat'>9:</span> <span class='ocrx_word' id='word_1_415' title='bbox 2408 3949 2623 4013; x_wconf 79' lang='lat' dir='ltr'>Facite</span> <span class='ocrx_word' id='word_1_416' title='bbox 2655 3949 2823 4012; x_wconf 82' lang='lat' dir='ltr'>vobis</span> <span class='ocrx_word' id='word_1_417' title='bbox 2854 3952 3082 4014; x_wconf 79' lang='lat' dir='ltr'>amicos</span> <span class='ocrx_word' id='word_1_418' title='bbox 3114 3950 3196 4013; x_wconf 83' lang='lat' dir='ltr'>de</span> 
     </span>
     <span class='ocr_line' id='line_1_40' title="bbox 567 4054 3194 4140; baseline 0.002 -25"><span class='ocrx_word' id='word_1_419' title='bbox 567 4072 925 4117; x_wconf 84' lang='lat' dir='ltr'>mammona</span> <span class='ocrx_word' id='word_1_420' title='bbox 959 4055 1330 4138; x_wconf 52' lang='lat' dir='ltr'>iniquitati&amp;</span> <span class='ocrx_word' id='word_1_421' title='bbox 1377 4062 1467 4138; x_wconf 81' lang='lat' dir='ltr'>ut,</span> <span class='ocrx_word' id='word_1_422' title='bbox 1513 4074 1651 4116; x_wconf 80' lang='lat' dir='ltr'>cum</span> <span class='ocrx_word' id='word_1_423' title='bbox 1699 4054 2068 4139; x_wconf 59' lang='lat' dir='ltr'>defeceritis,</span> <span class='ocrx_word' id='word_1_424' title='bbox 2114 4058 2419 4140; x_wconf 73' lang='lat' dir='ltr'>recipiant</span> <span class='ocrx_word' id='word_1_425' title='bbox 2464 4077 2568 4119; x_wconf 85' lang='lat' dir='ltr'>vos</span> <span class='ocrx_word' id='word_1_426' title='bbox 2599 4058 2666 4118; x_wconf 80' lang='grc' dir='ltr'>·ι“η</span> <span class='ocrx_word' id='word_1_427' title='bbox 2699 4063 2956 4121; x_wconf 80' lang='lat' dir='ltr'>aeterna</span> <span class='ocrx_word' id='word_1_428' title='bbox 2987 4056 3194 4121; x_wconf 84' lang='lat' dir='ltr'>taber-</span> 
     </span>
     <span class='ocr_line' id='line_1_41' title="bbox 568 4157 3195 4246; baseline 0.002 -25"><span class='ocrx_word' id='word_1_429' title='bbox 568 4158 800 4223; x_wconf 78' lang='lat' dir='ltr'>nacula</span> <span class='ocrx_word' id='word_1_430' title='bbox 814 4183 843 4238; x_wconf 86' lang='lat'>,·</span> <span class='ocrx_word' id='word_1_431' title='bbox 873 4165 938 4225; x_wconf 89' lang='lat' dir='ltr'>et</span> <span class='ocrx_word' id='word_1_432' title='bbox 974 4157 1248 4242; x_wconf 87' lang='lat' dir='ltr'>Spiritus</span> <span class='ocrx_word' id='word_1_433' title='bbox 1286 4180 1334 4224; x_wconf 88' lang='lat' dir='ltr'>s.</span> <span class='ocrx_word' id='word_1_434' title='bbox 1374 4160 1563 4226; x_wconf 87' lang='lat' dir='ltr'>docet</span> <span class='ocrx_word' id='word_1_435' title='bbox 1598 4160 1784 4225; x_wconf 86' lang='lat' dir='ltr'>Eccli.</span> <span class='ocrx_word' id='word_1_436' title='bbox 1833 4169 1883 4237; x_wconf 84' lang='lat'>1,</span> <span class='ocrx_word' id='word_1_437' title='bbox 1926 4167 2043 4231; x_wconf 77' lang='lat'>28:</span> <span class='ocrx_word' id='word_1_438' title='bbox 2106 4163 2230 4240; x_wconf 78' lang='lat' dir='ltr'>Qui</span> <span class='ocrx_word' id='word_1_439' title='bbox 2261 4165 2392 4226; x_wconf 85' lang='lat' dir='ltr'>sine</span> <span class='ocrx_word' id='word_1_440' title='bbox 2423 4164 2642 4227; x_wconf 80' lang='lat' dir='ltr'>timore</span> <span class='ocrx_word' id='word_1_441' title='bbox 2671 4170 2779 4243; x_wconf 83' lang='lat' dir='ltr'>est,</span> <span class='ocrx_word' id='word_1_442' title='bbox 2810 4182 2936 4227; x_wconf 81' lang='lat' dir='ltr'>non</span> <span class='ocrx_word' id='word_1_443' title='bbox 2953 4167 3195 4246; x_wconf 77' lang='lat' dir='ltr'>poterit</span> 
     </span>
     <span class='ocr_line' id='line_1_42' title="bbox 560 4266 3191 4351; baseline 0.002 -24"><span class='ocrx_word' id='word_1_444' title='bbox 560 4266 918 4349; x_wconf 80' lang='lat' dir='ltr'>justificari.</span> <span class='ocrx_word' id='word_1_445' title='bbox 980 4266 1174 4349; x_wconf 85' lang='lat' dir='ltr'>Atqui</span> <span class='ocrx_word' id='word_1_446' title='bbox 1203 4266 1338 4331; x_wconf 89' lang='lat' dir='ltr'>fieri</span> <span class='ocrx_word' id='word_1_447' title='bbox 1376 4286 1507 4331; x_wconf 89' lang='lat' dir='ltr'>non</span> <span class='ocrx_word' id='word_1_448' title='bbox 1545 4274 1784 4348; x_wconf 86' lang='lat' dir='ltr'>posset,</span> <span class='ocrx_word' id='word_1_449' title='bbox 1819 4275 1890 4333; x_wconf 91' lang='lat' dir='ltr'>ut</span> <span class='ocrx_word' id='word_1_450' title='bbox 1919 4268 2118 4333; x_wconf 85' lang='lat' dir='ltr'>fidelis</span> <span class='ocrx_word' id='word_1_451' title='bbox 2152 4269 2235 4332; x_wconf 93' lang='lat' dir='ltr'>ob</span> <span class='ocrx_word' id='word_1_452' title='bbox 2269 4268 2587 4334; x_wconf 83' lang='lat' dir='ltr'>defectum</span> <span class='ocrx_word' id='word_1_453' title='bbox 2622 4289 2888 4351; x_wconf 88' lang='lat' dir='ltr'>operum</span> <span class='ocrx_word' id='word_1_454' title='bbox 2919 4269 3191 4333; x_wconf 88' lang='lat' dir='ltr'>damne-</span> 
     </span>
     <span class='ocr_line' id='line_1_43' title="bbox 568 4372 3190 4458; baseline 0.001 -22"><span class='ocrx_word' id='word_1_455' title='bbox 568 4377 688 4448; x_wconf 89' lang='lat' dir='ltr'>tur,</span> <span class='ocrx_word' id='word_1_456' title='bbox 721 4372 776 4436; x_wconf 88' lang='lat' dir='ltr'>si</span> <span class='ocrx_word' id='word_1_457' title='bbox 807 4373 948 4437; x_wconf 89' lang='lat' dir='ltr'>sola</span> <span class='ocrx_word' id='word_1_458' title='bbox 978 4373 1135 4438; x_wconf 83' lang='lat' dir='ltr'>fides</span> <span class='ocrx_word' id='word_1_459' title='bbox 1160 4374 1463 4455; x_wconf 86' lang='lat' dir='ltr'>justificat</span> <span class='ocrx_word' id='word_1_460' title='bbox 1507 4375 1642 4439; x_wconf 86' lang='lat' dir='ltr'>sive</span> <span class='ocrx_word' id='word_1_461' title='bbox 1688 4382 1756 4440; x_wconf 88' lang='lat' dir='ltr'>ut</span> <span class='ocrx_word' id='word_1_462' title='bbox 1799 4375 2270 4457; x_wconf 79' lang='lat' dir='ltr'>justificationis</span> <span class='ocrx_word' id='word_1_463' title='bbox 2316 4376 2539 4453; x_wconf 85' lang='lat' dir='ltr'>forma,</span> <span class='ocrx_word' id='word_1_464' title='bbox 2586 4377 2720 4442; x_wconf 83' lang='lat' dir='ltr'>sive</span> <span class='ocrx_word' id='word_1_465' title='bbox 2753 4384 2824 4441; x_wconf 88' lang='lat' dir='ltr'>ut</span> <span class='ocrx_word' id='word_1_466' title='bbox 2853 4375 3190 4458; x_wconf 86' lang='lat' dir='ltr'>dispositio</span> 
     </span>
     <span class='ocr_line' id='line_1_44' title="bbox 568 4477 3188 4566; baseline 0.002 -24"><span class='ocrx_word' id='word_1_467' title='bbox 568 4477 906 4545; x_wconf 86' lang='lat' dir='ltr'>sufficiens.</span> <span class='ocrx_word' id='word_1_468' title='bbox 970 4480 1133 4562; x_wconf 86' lang='lat' dir='ltr'>Ergo</span> <span class='ocrx_word' id='word_1_469' title='bbox 1170 4482 1310 4545; x_wconf 88' lang='lat' dir='ltr'>sola</span> <span class='ocrx_word' id='word_1_470' title='bbox 1341 4481 1496 4547; x_wconf 83' lang='lat' dir='ltr'>fides</span> <span class='ocrx_word' id='word_1_471' title='bbox 1530 4481 1776 4564; x_wconf 90' lang='lat' dir='ltr'>absque</span> <span class='ocrx_word' id='word_1_472' title='bbox 1810 4482 1950 4546; x_wconf 88' lang='lat' dir='ltr'>aliis</span> <span class='ocrx_word' id='word_1_473' title='bbox 1984 4483 2232 4546; x_wconf 87' lang='lat' dir='ltr'>actibus</span> <span class='ocrx_word' id='word_1_474' title='bbox 2264 4489 2329 4547; x_wconf 87' lang='lat' dir='ltr'>et</span> <span class='ocrx_word' id='word_1_475' title='bbox 2359 4484 2662 4565; x_wconf 87' lang='lat' dir='ltr'>operibus</span> <span class='ocrx_word' id='word_1_476' title='bbox 2702 4503 2835 4548; x_wconf 87' lang='lat' dir='ltr'>non</span> <span class='ocrx_word' id='word_1_477' title='bbox 2859 4483 3188 4566; x_wconf 85' lang='lat' dir='ltr'>justificat.</span> 
     </span>
    </p>

    <p class='ocr_par' dir='ltr' id='par_1_6' title="bbox 564 4585 3189 4779">
     <span class='ocr_line' id='line_1_45' title="bbox 745 4585 3188 4671; baseline 0 -19"><span class='ocrx_word' id='word_1_478' title='bbox 745 4585 815 4656; x_wconf 76' lang='lat'>2.</span> <span class='ocrx_word' id='word_1_479' title='bbox 848 4586 1055 4651; x_wconf 87' lang='lat' dir='ltr'>Minus</span> <span class='ocrx_word' id='word_1_480' title='bbox 1104 4606 1262 4652; x_wconf 89' lang='lat' dir='ltr'>sane</span> <span class='ocrx_word' id='word_1_481' title='bbox 1308 4588 1649 4670; x_wconf 83' lang='lat' dir='ltr'>requiritur</span> <span class='ocrx_word' id='word_1_482' title='bbox 1694 4589 1779 4652; x_wconf 90' lang='lat' dir='ltr'>ad</span> <span class='ocrx_word' id='word_1_483' title='bbox 1823 4591 2336 4654; x_wconf 87' lang='lat' dir='ltr'>conservandam</span> <span class='ocrx_word' id='word_1_484' title='bbox 2379 4591 2852 4671; x_wconf 86' lang='lat' dir='ltr'>justificationis</span> <span class='ocrx_word' id='word_1_485' title='bbox 2898 4591 3188 4671; x_wconf 86' lang='lat' dir='ltr'>gratiam,</span> 
     </span>
     <span class='ocr_line' id='line_1_46' title="bbox 564 4691 3189 4779; baseline 0.002 -23"><span class='ocrx_word' id='word_1_486' title='bbox 564 4691 698 4773; x_wconf 86' lang='lat' dir='ltr'>jam</span> <span class='ocrx_word' id='word_1_487' title='bbox 731 4693 1050 4775; x_wconf 84' lang='lat' dir='ltr'>adeptam,</span> <span class='ocrx_word' id='word_1_488' title='bbox 1084 4712 1280 4776; x_wconf 88' lang='lat' dir='ltr'>quarn</span> <span class='ocrx_word' id='word_1_489' title='bbox 1300 4695 1382 4758; x_wconf 89' lang='lat' dir='ltr'>ad</span> <span class='ocrx_word' id='word_1_490' title='bbox 1406 4712 1552 4760; x_wconf 90' lang='lat' dir='ltr'>eam</span> <span class='ocrx_word' id='word_1_491' title='bbox 1571 4695 1847 4777; x_wconf 89' lang='lat' dir='ltr'>primum</span> <span class='ocrx_word' id='word_1_492' title='bbox 1866 4696 2405 4778; x_wconf 88' lang='lat' dir='ltr'>consequendam.</span> <span class='ocrx_word' id='word_1_493' title='bbox 2440 4698 2634 4779; x_wconf 90' lang='lat' dir='ltr'>Atqui</span> <span class='ocrx_word' id='word_1_494' title='bbox 2654 4697 2738 4761; x_wconf 90' lang='lat' dir='ltr'>ad</span> <span class='ocrx_word' id='word_1_495' title='bbox 2757 4713 2902 4762; x_wconf 86' lang='lat' dir='ltr'>eam</span> <span class='ocrx_word' id='word_1_496' title='bbox 2922 4713 3189 4763; x_wconf 88' lang='lat' dir='ltr'>conser-</span> 
     </span>
    </p>
   </div>
  </div>
 </body>
</html>
