3538 5364
592 272 721 339 132
1167 264 1350 318 Tract.
1377 265 1529 320 V111.
1555 265 1626 319 de
1638 264 2078 335 justificatione.
2104 265 2186 319 De
2213 265 2592 335 dispositione

589 465 789 527 spem,
823 446 1246 522 dilectionem,
1278 445 1759 526 poenitentiam,
1810 451 2033 509 votum
2083 445 2385 571 baptismi
2435 454 2503 511 et
2547 446 2949 528 propositum
2999 466 3219 512 novae

590 554 778 618 vitae.
842 553 933 619 De
964 552 1225 634 singulis
1258 553 1515 617 actibus
1546 570 1773 635 pauca.

734 680 836 743 1.
873 683 1245 743 Timorem
1291 684 1364 741 ad
1401 682 1889 758 justificationem
1923 683 2254 759 disponere,
2288 683 2459 741 facile
2491 682 2796 758 probatur.
2860 683 3013 741 Nam
3045 686 3217 741 actus

588 773 692 832 ille
722 772 936 831 merito
967 771 1126 830 inter
1155 772 1579 850 dispositiones
1612 771 1685 830 ad
1708 772 2201 848 Justificationem
2231 771 2507 843 refertur,
2541 772 2646 847 qui
2677 773 2989 832 obstacula
3021 790 3214 832 remo-

591 866 710 931 vet,
762 879 860 920 cor
910 861 1167 920 hominis
1213 881 1247 919 a
1290 862 1513 937 peccati
1560 879 1756 919 amore
1805 860 2010 919 avellit
2052 860 2476 936 compellitque
2522 862 2595 919 ad
2644 862 2830 919 Deum
2863 862 3215 938 confugere;

591 950 881 1026 ejusmodi
915 957 1114 1008 autem
1147 953 1241 1009 est
1270 952 1463 1019 timor,
1499 950 1604 1026 qui
1634 950 1950 1025 propterea
1980 948 2200 1008 dicitur
2221 949 2393 1008 Eccli.
2424 961 2473 1020 1,
2505 959 2611 1020 163
2648 950 2797 1011 Psal.
2827 961 2967 1020 110,
3001 962 3077 1012 10
3101 953 3216 1008 etc.

592 1042 825 1097 initium
843 1041 1177 1114 sapientiae,
1211 1043 1273 1098 et
1286 1030 1462 1099 ΔΕεαΙί.
1490 1051 1541 1110 1,
1569 1048 1644 1101 27
1670 1040 2257 1114 expellerepeccatum
2269 1061 2294 1113 ‚·
2324 1038 2444 1096 imo
2463 1058 2597 1097 mox
2618 1039 2948 1114 subjicitur,
2971 1040 3222 1116 quisine

590 1131 793 1187 timore
811 1136 912 1203 est,
945 1146 1058 1185 non
1073 1132 1286 1203 poterit
1301 1129 1629 1201 iustificari.
1676 1128 1836 1185 Hinc
1854 1129 2072 1203 passim
2097 1129 2280 1186 Deum
2303 1133 2635 1203 peccatores
2655 1128 2867 1187 timore
2887 1147 3217 1203 poenarum

589 1221 792 1288 terret,
839 1220 911 1276 ut
955 1223 1182 1276 terrore
1226 1218 1483 1294 perculsi
1516 1217 1838 1275 salutarem
1869 1225 2052 1294 agant
2082 1217 2527 1292 poenitentiam,
2576 1220 3005 1276 convertantur
3035 1220 3223 1292 atque

593 1307 848 1365 salutem
879 1314 1277 1382 assequantur
1308 1306 1408 1366 Ex.
1444 1316 1544 1376 20,
1583 1315 1694 1374 20;
1740 1305 1929 1365 Jonae
1974 1317 2039 1375 33
2091 1307 2299 1364 Matth.
2337 1316 2392 1377 3,
2431 1316 2462 1368 7
2501 1324 2547 1363 s.
2578 1309 2688 1365 etc.
2750 1306 2918 1364 Unde
2950 1308 3219 1383 Augu-

594 1396 859 1465 stinus
891 1395 963 1454 de
995 1400 1106 1453 cat.
1127 1396 1257 1454 rud.
1279 1413 1326 1455 c.
1351 1405 1415 1458 5:
1458 1395 1817 1465 ,Rarissime
1847 1395 2084 1466 accidit,
2115 1395 2233 1453 imo
2267 1413 2405 1454 vero
2430 1413 2759 1469 nunquam,
2792 1402 2864 1453 ut
2894 1395 3219 1470 quisquam

592 1485 794 1543 veniat
826 1486 1028 1544 volens
1061 1484 1188 1542 fieri
1220 1481 1602 1555 christianus,
1636 1484 1743 1558 qui
1775 1502 1896 1543 non
1929 1484 2009 1554 sit
2039 1483 2239 1559 aliquo
2276 1483 2380 1542 Dei
2411 1484 2622 1542 timore
2655 1485 3025 1559 perculsus.‘

769 1587 837 1653 2.
872 1593 1086 1666 Spem
1117 1591 1431 1667 disponere
1463 1588 1681 1667 negare
1713 1586 1834 1649 non
1866 1590 2120 1667 possunt
2149 1593 2571 1666 protestantes,
2618 1589 2726 1667 qui
2759 1589 2998 1648 demum
3030 1593 3221 1649 totam

592 1679 1045 1755 dispositionem
1077 1680 1149 1737 ad
1182 1679 1459 1738 fiduciam
1491 1680 1528 1740 i.
1561 1698 1611 1742 e.
1644 1698 1808 1754 spem
1829 1668 2123 1738 revocant.
2172 1679 2312 1737 Eam
2334 1680 2519 1755 exigit
2539 1677 2809 1738 Christus
2833 1679 3038 1740 Matth.
3062 1697 3119 1751 9,
3146 1689 3218 1741 2;

595 1769 840 1842 Confido,
870 1769 976 1844 fici,
1010 1771 1384 1827 remittuntur
1414 1769 1518 1827 tibi
1537 1776 1778 1843 peccata
1810 1776 1912 1829 tua
1926 1789 1955 1840 ,·
1987 1768 2172 1845 exigit
2202 1774 2263 1826 et
2293 1768 2380 1827 rei
2411 1774 2641 1831 natura.
2673 1768 2860 1826 Nemo
2879 1770 3037 1827 enim
3061 1769 3221 1827 serio

593 1858 666 1916 ad
692 1857 933 1933 aliquid
965 1858 1361 1916 obtinendum
1392 1876 1455 1933 se
1487 1858 1778 1933 disponet,
1825 1858 1944 1916 nisi
1992 1857 2146 1916 illud
2192 1858 2542 1932 seassequi
2574 1875 2748 1932 posse
2782 1864 2993 1932 speret.
3061 1858 3223 1915 Hinc

593 1946 1053 2005 Ambrosius
1098 1946 1171 2005 de
1216 1948 1435 2022 poenit.
1482 1948 1525 2016 I,
1590 1959 1651 2010 1:
1709 1947 1935 2014 ,Nemo
1983 1949 2183 2021 potest
2228 1965 2399 2023 agere
2437 1946 2885 2021 poenitentiam,
2937 1947 3056 2005 nisi
3112 1947 3222 2021 qui

594 2037 920 2110 speraverit
950 2035 1404 2113 indulgentiam.
1421 2044 1448 2072 ‘

773 2138 835 2207 3.
869 2143 1166 2218 Optimam
1210 2142 1660 2219 dispositionem
1707 2161 1837 2201 esse
1882 2142 2430 2213 dilectionem,
2479 2145 2646 2218 patet
2690 2160 2760 2199 ex
2804 2141 2897 2200 Jo.
2953 2150 3048 2211 14,
3101 2152 3220 2211 21;

596 2233 734 2295 Luc.
771 2242 825 2302 7,
862 2242 976 2295 47:
1024 2233 1417 2291 erittuntur
1456 2234 1507 2289 ei
1527 2238 1769 2305 peccata
1803 2233 2001 2300 multa,
2035 2232 2310 2308 quoniam
2341 2232 2543 2289 dilexit
2574 2233 2821 2289 multum
2836 2252 2864 2302 ,·
2910 2233 2973 2289 et
3014 2250 3086 2289 ex
3132 2232 3220 2288 rei

597 2324 829 2379 natura.
876 2320 915 2378 J
923 2321 1313 2380 ustificatione
1346 2322 1506 2379 enim
1537 2321 1807 2379 homines
1832 2322 1949 2379 Deo
1982 2321 2445 2380 reconciliantur
2476 2321 2728 2396 ejusque
2759 2319 3222 2378 constituuntur

597 2408 787 2469 amici.
840 2410 932 2469 Ad
961 2411 1500 2470 reconciliationem
1531 2428 1670 2469 vero
1706 2412 1766 2466 et
1797 2409 2119 2468 amicitiam
2150 2408 2473 2467 ineundam
2505 2410 2733 2484 optima
2763 2418 2853 2468 est
2885 2408 3220 2485 dispositiO,

598 2500 650 2557 si
683 2499 818 2574 quis
853 2518 1050 2559 amore
1082 2500 1340 2576 perfecto
1372 2501 1437 2557 in
1469 2518 1621 2566 eum,
1657 2517 1834 2573 quem
1868 2498 2208 2565 offenderat,
2243 2497 2486 2557 feratur.
2547 2498 2676 2555 Imo
2712 2498 2857 2557 adeo
2903 2497 3120 2557 efficax.
3151 2516 3223 2555 ea

597 2591 706 2660 est,
740 2592 811 2647 ut
834 2590 1124 2664 justificet
1156 2594 1320 2648 extra
1352 2591 1805 2656 sacramentum,
1840 2589 1909 2644 ut
1941 2605 2009 2644 ex
2041 2588 2125 2649 th.
2165 2596 2284 2649 245
2321 2587 2568 2662 patebit.

774 2692 843 2759 4.
877 2696 1039 2756 Idem
1073 2696 1308 2756 dicatur
1338 2696 1411 2754 de
1443 2694 1944 2770 poenitentia
1975 2690 2073 2775 (cf.
2104 2694 2259 2753 infra
2290 2714 2346 2757 n.
2383 2703 2506 2758 458
2543 2688 2665 2776 ss).
2728 2694 2872 2752 Cum
2906 2713 3047 2753 vero

776 2801 841 2865 5.
877 2822 986 2861 nec
1031 2823 1169 2862 vera
1214 2805 1296 2861 sit
1340 2802 1594 2872 dilectio,
1640 2821 1749 2861 nec
1780 2821 1918 2860 vera
1948 2803 2318 2877 poenitentia
2349 2803 2477 2861 sine
2507 2802 2810 2878 proposito
2842 2820 3029 2861 novae
3061 2803 3223 2860 vitae

596 2895 660 2952 et
688 2892 1116 2952 observationis
1150 2892 1579 2960 mandatorum,
1615 2890 1772 2948 inter
1802 2909 1954 2966 quae
1985 2891 2208 2949 eminet
2239 2892 2467 2950 ratione
2499 2909 2640 2949 suae
2661 2891 3027 2949 necessitatis
3049 2909 3218 2967 prae··

597 2986 835 3058 ceptum
869 2982 939 3039 de
973 2980 1345 3055 suscipiendo
1374 2980 1692 3055 baptismo,
1740 2983 1923 3055 patet,
1971 2984 2295 3056 utrumque
2339 2980 2835 3064 propositum
2880 2980 2955 3038 ad
2992 2981 3222 3056 justifi-

598 3071 845 3130 cationis
878 3069 1326 3143 dispositionem
1358 3069 1602 3146 requiri.
1670 3068 1750 3127 Of.
1782 3069 2153 3127 Bellarm‘
2138 3088 2270 3128 inu
2289 3088 2315 3126 s
2347 3070 2393 3139 Ι,
2435 3079 2531 3132 13.

787 3202 923 3256 150.
969 3192 1107 3251 Non
1151 3212 1456 3270 negamuS,
1508 3198 1742 3269 praeter
1792 3198 1960 3253 actus
2005 3213 2040 3252 a
2085 3193 2334 3253 concilio
2367 3197 2743 3253 enumeratos
2791 3196 2937 3254 alios
2979 3214 3225 3271 quoque

598 3282 897 3341 hominem
915 3282 1228 3357 disponere
1260 3275 1331 3340 ad
1356 3283 1862 3359 justificationem,
1895 3287 1967 3341 ut
1998 3284 2344 3351 orationem,
2377 3283 2798 3354 humilitatem,
2832 3303 3010 3362 opera
3042 3286 3225 3343 mise-

598 3372 883 3429 ricordiae
915 3379 1025 3429 etc.
1082 3371 1225 3430 ldeo
1258 3391 1394 3431 vero
1428 3372 1742 3430 concilium
1777 3375 1944 3430 actus
1979 3390 2159 3447 supra
2190 3376 2565 3431 enumeratos
2611 3373 2675 3430 in
2719 3374 2929 3448 primis
2969 3392 3222 3432 comme·

598 3463 809 3531 morat,
843 3460 1002 3535 quod
1036 3454 1097 3525 l.
1130 3460 1192 3518 hi
1223 3453 1389 3519 actus
1424 3480 1563 3536 prae
1594 3461 1728 3519 aliis
1750 3462 2062 3520 necessarii
2082 3461 2234 3528 sint;
2267 3458 2331 3524 2.
2365 3461 2487 3519 fere
2520 3479 2753 3536 semper
2782 3462 2846 3520 in
2877 3462 3224 3521 adultorum

599 3549 1047 3625 praeparatione
1077 3550 1283 3608 adesse
1314 3551 1572 3620 soleant3
1607 3546 1669 3614 3.
1702 3570 1841 3625 prae
1873 3550 2003 3608 aliis
2027 3550 2216 3626 magis
2239 3550 2460 3608 directe
2480 3549 2821 3625 disponant3
2856 3551 2920 3609 in
2953 3552 3222 3609 omnium

597 3634 665 3702 4.
701 3639 825 3697 sint
857 3640 1169 3714 potestate,
1204 3642 1265 3697 et
1296 3636 1362 3701 5.
1399 3643 1746 3715 sponte'sua
1777 3659 1845 3697 ex
1878 3639 2008 3708 fide,
2057 3639 2224 3697 velut
2253 3659 2285 3697 e
2317 3639 2527 3707 radice,
2562 3640 2852 3697 oriantur.
2914 3640 2996 3703 cf.
3026 3640 3073 3698 Τ
3092 3640 3177 3698 ho
3198 3673 3224 3683 -

600 3746 749 3786 mas
784 3738 840 3791 3.
872 3747 928 3804 p.
963 3748 1018 3801 q.
1056 3737 1133 3790 85
1170 3747 1218 3785 a.
1255 3738 1323 3796 53
1359 3729 1639 3787 Suarez
1671 3727 1829 3802 VIII,
1875 3738 1946 3792 18
1983 3747 2057 3798 a.;
2093 3728 2429 3804 Ripalda
2458 3728 2514 3788 d.
2547 3729 2658 3790 ult.
2692 3747 2736 3786 s.
2774 3736 2875 3790 33.

785 3853 925 3918 151
961 3849 1307 3922 Scholion
1341 3850 1419 3916 11
1473 3848 1691 3925 ActuS,
1725 3868 1887 3931 quos
1918 3849 2357 3914 recensuimus
2407 3868 2466 3912 n.
2514 3854 2655 3924 149,
2687 3866 2820 3911 non
2857 3853 3011 3911 sunt
3050 3847 3227 3928 ejus-

601 3956 746 4020 dem
780 3955 1327 4022 necessitatis
1361 3956 1424 4018 in
1458 3956 1680 4019 ordine
1714 3955 1796 4018 ad
1822 3955 2357 4037 justificationem.
2423 3954 2608 4066 Quod
2656 3962 2726 4019 ut
2772 3960 3075 4018 accurate
3108 3973 3227 4018 ex-

600 4062 925 4144 plicemuS,
957 4063 1077 4126 has
1110 4062 1452 4128 statuimus
1484 4063 1988 4143 propositiones:

782 4185 848 4252 1.
884 4187 1127 4269 Duplici
1158 4189 1353 4253 modo
1386 4193 1689 4270 peccator
1713 4185 2184 4267 justificationis
2207 4187 2478 4267 gratiam
2499 4184 2808 4268 consequi
2831 4191 3060 4266 potest,
3082 4184 3232 4276 scil..

606 4294 704 4357 vel
737 4313 815 4358 ex
848 4312 1042 4374 opere
1093 4301 1454 4376 operatov
1498 4295 1532 4358 i.
1582 4313 1634 4358 e.
1685 4294 2108 4358 sacramentis
2140 4293 2444 4375 baptismi
2482 4299 2595 4357 aut
2633 4291 3084 4374 poenitentiae,
3122 4292 3227 4356 vel

605 4407 787 4464 extra
817 4407 1295 4465 sacramentum
1329 4421 1396 4466 re
1428 4407 1797 4483 susceptum
1831 4420 1909 4465 ex
1943 4419 2138 4482 opere
2170 4401 2638 4482 operantis:
2677 4417 2794 4481 pro
2828 4416 2955 4480 quo
2989 4398 3225 4479 duplici

596 4498 1070 4588 justificationis
1104 4509 1296 4571 modo
1330 4507 1563 4590 duplex
1595 4526 1853 4590 quoque
1886 4507 2187 4587 distingui
2217 4507 2409 4572 debet
2442 4507 2794 4588 dispositio,
2829 4504 3030 4569 Porro
3064 4523 3225 4570 con-

603 4614 817 4682 cilium
849 4614 1127 4697 loquitur
1159 4616 1238 4680 de
1270 4615 1687 4695 dispositione
1718 4616 1785 4678 in
1820 4633 2052 4695 genere
2088 4613 2170 4677 ad
2195 4614 2720 4695 jnstificationem
2754 4613 2913 4700 (non
2944 4612 3028 4677 ad
3060 4613 3225 4694 bap-

605 4721 912 4808 tismum),
946 4723 1080 4787 sive
1112 4723 1275 4786 haec
1306 4722 1538 4786 virtute
1570 4722 1976 4797 sacramenti,
2009 4721 2144 4786 sive
2177 4727 2360 4786 extra
2379 4721 2530 4786 illud
2551 4720 2935 4798 obtineatur,
2955 4727 3027 4785 ut
3045 4727 3233 4802 patet
