3538 5364
786 297 972 351 Tract.
999 296 1092 349 IX.
1122 296 1191 349 de
1218 295 1601 352 sacramentis,
1626 295 2120 350 ‘sacramentorum
2148 296 2517 365 praestantia.
2829 308 2956 371 209

325 479 576 560 pientia
608 478 733 541 sibi
768 478 1104 543 aedificata
1127 477 1336 564 (Prov.
1360 484 1419 552 9,
1447 479 1542 563 1);
1577 484 1727 540 sunt
1758 496 1823 544 c.
1857 476 2194 540 vincula
2225 484 2289 542 et
2308 478 2507 553 nervi,
2540 480 2772 560 quibus
2800 479 2956 545 fide-

329 586 490 648 lium
524 586 869 650 multitudo
902 587 968 649 in
1000 605 1200 649 unum
1232 586 1538 649 coalescit
1569 590 1632 649 et
1663 583 2004 665 colligatur
2038 602 2270 665 corpus
2306 584 2406 670 (cf.
2438 582 2591 666 Eph.
2625 591 2686 661 4,
2728 588 2849 673 16).

516 693 580 762 3.
613 694 666 755 si
700 699 1116 757 sacramenta
1146 698 1520 773 spectentur
1566 692 1919 756 secundum
1953 710 2140 755 suum
2174 693 2466 756 habitum
2501 693 2583 756 ad
2616 691 2955 771 Christum,

335 801 516 864 haud
561 801 915 879 incongrue
963 798 1086 861 dici
1119 799 1346 862 eadem
1378 807 1649 880 possunt
1694 821 1757 867 a.
1808 798 2129 880 quaedam
2177 798 2642 863 incarnationis
2688 799 2956 863 adum-

331 908 377 971 b
398 908 732 972 ratione
752 926 784 970 s
818 914 883 971 et
914 906 1343 980 imitamenta3
1390 907 1557 969 sicut
1589 905 1760 969 enim
1808 906 1873 969 in
1905 904 2193 969 humana
2226 914 2561 987 assumpta
2593 914 2832 971 natura
2860 908 2957 972 la-

333 1015 520 1079 tebat
552 1014 852 1076 divinitas
886 1012 999 1076 Dei
1019 1012 1234 1089 Verbi,
1267 1014 1375 1094 qui
1406 1013 1579 1076 illam
1611 1013 1907 1092 gestabat
1938 1019 2131 1094 atque
2162 1031 2281 1094 per
2313 1032 2457 1077 eam
2478 1020 2769 1077 nostram
2802 1033 2957 1095 ope·

331 1122 611 1187 rabatur
642 1120 950 1185 salutem:
999 1119 1090 1183 ita
1122 1127 1598 1184 sacramentum
1644 1119 1854 1183 forma
1901 1127 1998 1184 est
2026 1120 2290 1183 visibilis
2323 1118 2659 1184 invisibilis
2692 1122 2955 1199 gratiae,

335 1247 515 1310 quae
536 1246 649 1309 per
670 1227 866 1290 ritum
887 1226 1203 1289 visibilem
1227 1225 1559 1291 exseritur.
1603 1226 1766 1290 Nam
1796 1226 2279 1302 ,instrumenta
2312 1228 2517 1309 inquit
2540 1247 2587 1291 s.
2609 1226 2772 1292 Tho
2790 1249 2853 1291 m
2870 1248 2911 1293 a
2927 1250 2956 1292 s

332 1355 390 1397 c.
430 1341 658 1416 gentes
677 1333 780 1407 lv,
801 1338 904 1408 56,
926 1341 1182 1414 oportet
1214 1352 1356 1398 esse
1388 1333 1633 1414 primae
1664 1351 1903 1398 causae
1936 1334 2443 1414 proportionata.
2493 1334 2708 1398 Prima
2740 1342 2957 1401 autem

333 1448 404 1506 et
437 1440 824 1505 universalis
870 1459 1069 1504 causa
1100 1441 1422 1505 humanae
1468 1438 1692 1504 salutis
1738 1447 1838 1504 est
1869 1440 2157 1505 Verbum
2202 1441 2612 1505 incarnatum
2645 1492 2657 1505 .
2788 1442 2958 1506 Con-

333 1567 573 1629 gruum
604 1549 796 1628 igitur
829 1546 965 1620 suit,
1010 1554 1080 1611 ut
1114 1546 1420 1620 remedia,
1466 1547 1698 1629 quibus
1733 1547 2117 1611 universalis
2149 1564 2387 1611 causae
2420 1547 2627 1614 virtus
2658 1550 2963 1629 pertingit

333 1656 423 1718 ad
459 1655 770 1730 homines„
811 1654 975 1718 illius
995 1673 1232 1718 causae
1255 1653 1737 1718 similitudinem
1769 1655 2103 1730 haberent,
2136 1661 2207 1720 ut
2238 1653 2368 1717 scil.
2402 1655 2467 1718 in
2499 1655 2591 1720 eis
2622 1655 2827 1735 virtus
2860 1656 2958 1719 di-

331 1762 496 1825 vina
527 1760 929 1827 invisibiliter
951 1767 1335 1842 operaretur
1367 1762 1486 1825 sub
1509 1762 1863 1825 visibilibus
1883 1762 2139 1843 signis«.
2173 1760 2595 1826 Sacramenta
2614 1771 2959 1844 praeterea

335 1869 476 1931 dici
522 1876 797 1950 possunt
848 1871 910 1938 b.
964 1868 1510 1950 operationes
1558 1868 1828 1944 Christi3
1876 1869 2045 1933 sicut
2089 1870 2259 1933 enim
2292 1868 2583 1933 Christus
2615 1870 2963 1952 loquend0‚

338 1975 668 2056 tangendo
703 1982 819 2039 etc.
854 1975 1225 2041 remittebat
1257 1983 1544 2057 peccata,
1577 1975 2045 2051 sanctificabat,
2078 1984 2375 2040 sanctum
2406 1976 2784 2041 conferebat
2814 1975 2958 2058 Spi-

334 2082 578 2157 ritum3
625 2082 716 2145 ita
745 2082 1069 2146 mediante
1115 2082 1242 2146 ritu
1275 2083 1731 2147 sacramentali
1757 2098 1813 2146 'a
1846 2083 1979 2146 suis
2012 2083 2323 2146 ministris
2370 2082 2570 2163 ipsius
2603 2083 2863 2147 nomine
2896 2091 2961 2148 et

334 2189 734 2252 auctoritate
764 2188 978 2270 posito
1009 2189 1146 2271 ipse
1178 2197 1447 2271 peccata
1479 2189 1666 2265 delet,
1687 2189 1940 2253 animas
1971 2190 2361 2263 sanctificat3
2396 2190 2532 2271 ipse
2566 2189 2735 2252 enim
2765 2189 2831 2254 in
2851 2210 2959 2254 sa-

333 2296 707 2372 cramentis
742 2304 815 2360 ut
847 2296 1219 2361 solemniter
1252 2304 1478 2360 contra
1511 2297 1871 2361 donatistas
1903 2303 2377 2377 propugnatum
2409 2295 2543 2373 fuit,
2583 2297 2959 2379 principalis

331 2402 597 2482 gratiae
628 2410 728 2467 est
748 2404 1036 2468 minister
1069 2406 1180 2489 (th.
1204 2406 1375 2489 212).
1410 2402 1824 2485 Quapropter
1846 2425 1907 2474 c..
1939 2403 2546 2484 multiplicatio
2580 2411 2730 2469 sunt
2758 2423 2958 2486 quae-

338 2509 501 2572 dam
547 2510 800 2573 virtutis
846 2510 1358 2575 sanctificatricis
1392 2509 1768 2587 SalvatoriS‚
1817 2530 2014 2594 quam
2057 2510 2488 2575 mediantibus
2532 2514 2959 2575 sacramentis

331 2616 537 2681 modo
571 2637 701 2681 non
733 2617 942 2681 solum
975 2625 1043 2681 ut
1073 2619 1225 2681 olim
1259 2618 1321 2681 in
1343 2618 1711 2682 Palaestina
1744 2638 1863 2701 pro
1889 2618 2280 2700 judaeorum
2314 2624 2566 2681 tantum
2598 2615 2805 2681 salute
2840 2618 2961 2704 (vi-

333 2725 638 2811 sibiliter)
673 2725 931 2801 exserit,
963 2726 1074 2791 sed
1107 2725 1476 2790 hominibus
1509 2727 1989 2791 sanctificandis
2024 2727 2309 2791 omnium
2349 2732 2656 2800 aetatum,
2677 2727 2961 2806 gentium

337 2837 409 2894 et
443 2832 738 2896 locorum
771 2834 1072 2915 applicat,
1105 2842 1299 2916 atque
1334 2835 1424 2897 ita
1455 2835 1756 2899 omnibus
1791 2855 1859 2899 se
1881 2837 2351 2916 redemptorem
2373 2833 2662 2899 exhibet:
2697 2833 2859 2899 adeo
2892 2842 2963 2898 ut

337 2938 600 3002 ratione
632 2947 1190 3005 sacramentorum
1222 2942 1499 3006 maxime
1533 2940 1658 3004 dici
1692 2943 1910 3023 possit,
1945 2943 2271 3006 Christum
2304 2941 2367 3003 in
2400 2959 2519 3003 sua
2548 2939 2836 3005 Ecclesia
2867 2942 2961 3005 vi-

335 3063 498 3108 vere
545 3045 828 3128 illudque
861 3048 1240 3112 continuare
1273 3067 1457 3129 opus,
1503 3049 1676 3130 quod
1709 3048 1974 3112 visibilis
2027 3049 2088 3110 in
2141 3056 2318 3113 terra
2351 3047 2590 3128 degens
2621 3047 2963 3113 inchoavit.

335 3150 561 3230 Quare
583 3173 632 3216 s.
653 3152 762 3216 Th
778 3172 895 3217 om
911 3173 952 3217 a
969 3175 998 3216 s
1031 3156 1095 3218 in
1117 3157 1268 3236 prol.
1291 3158 1355 3220 in
1376 3156 1411 3220 l.
1435 3164 1493 3226 4.
1515 3164 1704 3220 sent:
1744 3155 1946 3234 „Quia
1966 3157 2127 3219 haec
2147 3154 2469 3218 medicina
2491 3155 2962 3240 (incarnatione

334 3260 531 3323 nobis
565 3261 876 3348 exhibita)
913 3270 1135 3327 tantae
1168 3272 1267 3328 est
1298 3265 1640 3338 efficaciae,
1675 3269 1746 3327 ut
1777 3282 2001 3327 omnes
2035 3281 2272 3327 sanare
2304 3263 2525 3345 possit,
2562 3264 2764 3326 virtus
2802 3264 2961 3324 enim

333 3365 550 3429 exibat
583 3368 658 3430 de
691 3368 812 3445 illo,
845 3377 901 3434 et
931 3371 1202 3435 sanabat
1236 3392 1459 3443 omnes,
1496 3378 1564 3434 ut
1596 3371 1832 3436 dicitur
1864 3370 2010 3433 Luc.
2036 3377 2094 3444 6,
2122 3374 2219 3444 19,
2253 3369 2397 3433 ideo
2430 3369 2512 3431 ab
2546 3369 2669 3431 hac
2701 3369 2963 3432 univer-

335 3474 465 3536 sali
499 3474 820 3540 medicina
852 3485 916 3542 et
948 3479 1159 3560 prima
1192 3479 1357 3544 aliae
1389 3480 1817 3561 particulares
1838 3478 2196 3542 medicinae
2218 3476 2579 3557 procedunt
2609 3476 2964 3539 universali

337 3579 705 3646 medicinae
753 3585 1131 3662 conlormeS‚
1178 3587 1413 3668 quibus
1459 3586 1891 3650 mediantibus
1938 3586 2142 3650 virtus
2189 3582 2572 3646 universalis
2606 3583 2964 3647 medicinae

337 3690 692 3770 proveniat
724 3693 803 3754 ad
839 3692 1120 3757 infirmos
1155 3701 1220 3758 et
1251 3695 1413 3758 haec
1447 3701 1596 3757 sunt
1628 3700 2059 3767 sacramenta,
2094 3693 2159 3755 in
2180 3691 2415 3773 quibus
2448 3690 2568 3752 sub
2594 3695 2961 3768 tegumento

336 3815 565 3860 rerum
599 3797 940 3862 visibilium
972 3800 1191 3864 divina
1221 3802 1428 3865 virtus
1463 3802 1774 3865 secretius
1807 3805 2117 3881 operatur
2150 3799 2442 3873 salutem,
2476 3802 2547 3859 ut
2568 3795 2965 3875 Augustinus

337 3902 509 3969 dicit
541 3906 621 3991 (q.
656 3911 741 3974 80
775 3906 840 3968 in
871 3906 1064 3971 Levit.
1107 3916 1173 3971 et
1205 3915 1277 3971 tr.
1312 3914 1398 3975 30
1430 3908 1495 3970 in
1526 3908 1789 3993 Joan.).<‘

528 4014 596 4080 4.
633 4011 1076 4089 Sacramenta,
1108 4014 1162 4076 si
1195 4015 1685 4079 considerentur
1716 4013 2072 4079 secundum
2121 4031 2307 4076 suam
2354 4010 2435 4073 ad
2470 4008 2671 4072 Deum
2702 4006 2962 4072 relatio-

337 4138 518 4184 nem.
551 4128 702 4185 sunt
731 4141 792 4188 a.
832 4120 1263 4183 mirabilia
1296 4120 1798 4201 omnipotentiae
1820 4119 1965 4195 Dei3
2000 4118 2152 4200 quid
2176 4117 2346 4181 enim
2366 4115 2736 4191 mirabilius,
2769 4135 2962 4197 quam

337 4227 556 4291 Deum
587 4226 921 4291 elementis
957 4235 1089 4292 tam
1119 4227 1352 4291 vilibus
1386 4228 1550 4292 adeo
1584 4227 1902 4309 stupenda
1935 4224 2213 4307 operari,
2246 4222 2462 4287 delere
2495 4228 2781 4304 peccata,
2816 4223 2963 4286 red-

338 4333 507 4398 dere
539 4334 831 4399 homines
864 4353 940 4399 ex
972 4333 1117 4398 filiis
1149 4335 1285 4399 irae
1317 4335 1481 4399 filios
1517 4335 1648 4409 Dei,
1681 4335 2086 4397 sanctificare
2120 4331 2393 4403 animas,
2426 4329 2717 4393 conferre
2751 4348 2797 4390 s.
2820 4326 2964 4409 Spi-

337 4442 596 4505 ritum?
653 4440 871 4516 „Unde
904 4441 1029 4505 ista
1063 4449 1246 4506 tanta
1276 4441 1486 4504 virtus
1518 4459 1745 4523 aquae,
1780 4447 1852 4502 ut
1884 4456 2116 4518 corpus
2152 4443 2373 4516 tangat
2406 4443 2469 4500 et
2502 4454 2616 4499 cor
2649 4435 2955 4498 abluat5³⁴¹t

334 4549 870 4629 Augustinus
905 4558 977 4615 tr.
1012 4557 1098 4620 80
1131 4550 1486 4624 inJ0.n.3;
1519 4546 2197 4612 cf.Tertullianus
2232 4545 2310 4608 de
2344 4545 2517 4624 bapt.
2554 4561 2603 4604 c.
2630 4547 2702 4615 2;
2736 4540 2963 4620 Alge-

337 4675 489 4720 rus
523 4656 604 4720 de
637 4675 802 4720 sacr.
835 4676 1009 4738 corp.
1044 4663 1107 4720 et
1138 4675 1314 4737 sang.
1350 4655 1649 4719 dominici
1682 4654 1775 4727 111,
1806 4660 1865 4721 4.
1900 4661 1955 4719 6.
1995 4656 2062 4721 b.
2096 4650 2232 4728 Pig
2254 4667 2460 4713 nora
2492 4649 2746 4712 divinae
2780 4647 2963 4712 boni-

338 4765 534 4832 tatis:
570 4763 626 4827 si
658 4765 831 4829 enim
865 4763 1035 4829 Deus
1066 4784 1183 4846 per
1215 4771 1624 4827 sacramenta
1658 4769 1793 4826 tam
1825 4760 2101 4840 insignia
2124 4757 2392 4839 praebet
2422 4756 2613 4828 bona,
2647 4773 2815 4834 quae
2848 4754 2963 4816 da-

565 4880 840 4936 Eurter‚
881 4880 1130 4938 compend.
1169 4880 1432 4933 theologiae
1470 4877 1551 4934 111,
1598 4878 1678 4922 11.
1715 4876 1791 4922 od.
2544 4867 2610 4914 14
