3538 5364
1353 262 1610 333 exceptio
1639 281 1705 317 ex
1733 281 1774 319 s.
1806 262 2150 333 Augustino,
2917 273 3049 337 303

433 452 777 530 parientem,
812 451 917 511 sed
948 452 1130 527 prout
1159 451 1501 518 voluerunt,
1540 450 1625 509 ita
1657 450 2083 512 intellexerunt
2112 455 2176 509 et
2204 468 2367 509 more
2398 450 2723 521 hominum,
2772 451 2913 527 quia
2943 469 3049 527 po-

434 545 591 601 terat
619 541 659 600 J
661 558 799 601 esus
832 544 938 600 aut
968 541 1076 600 hoc
1106 539 1455 616 disponebat
1474 539 1652 599 Jesus
1670 558 1923 606 carnem,
1957 558 2076 616 qua
2110 539 2391 599 indutum
2422 543 2550 598 erat
2569 539 2848 610 Verbum,
2881 540 3049 600 velut

435 632 725 690 concisam
761 629 1120 689 distribuere
1154 629 1532 689 credentibus
1563 629 1628 688 in
1660 637 1784 691 se.‘
1852 628 2044 698 Quare

612 734 675 802 3.
721 737 876 796 sicut
921 754 1054 795 vere
1099 735 1217 794 dici
1248 738 1463 812 potest,
1510 735 1875 811 baptismum
1909 754 2027 795 non
2060 753 2188 795 esse
2220 734 2589 795 ablutionem
2624 733 2902 811 corporis,
2946 735 3051 794 sed

436 827 663 886 animae
706 825 1190 884 emundationem
1239 822 1325 906 (1.
1358 824 1522 883 Petri
1570 834 1624 894 3,
1678 819 1823 906 21):
1874 842 1995 884 non
2045 827 2116 883 ut
2162 823 2269 883 illa
2316 824 2684 895 excludatur,
2729 842 2937 885 verum
2980 828 3050 882 ut

437 916 823 993 significetur,
856 913 1219 990 baptismum
1261 914 1326 972 in
1368 914 1473 972 illa
1503 932 1626 972 non
1657 913 1985 985 terminari,
2033 913 2294 973 ulterius
2326 913 2612 974 destinari
2641 915 2945 989 tamquam
2977 912 3049 972 ad

435 1024 676 1080 scopum
707 1004 1009 1064 intentum
1040 1004 1114 1062 ad
1146 1002 1579 1062 emundandam
1611 1003 1901 1073 animam;
1934 1003 2024 1062 ita
2053 1008 2113 1062 et
2144 1002 2502 1063 eucharistia
2531 1021 2653 1063 non
2683 1021 2752 1062 eo
2787 1002 3050 1061 contine-

434 1100 552 1166 tur,
598 1098 670 1153 ut
711 1093 1106 1152 manducetur
1136 1092 1356 1151 Christi
1388 1110 1522 1151 earo
1566 1093 1819 1151 aliorum
1849 1110 2012 1151 more
2043 1092 2328 1164 ciborum,
2378 1094 2482 1151 sed
2526 1094 2589 1152 in
2636 1092 3050 1151 sacramentali

434 1183 710 1243 consistit
739 1182 1075 1251 resectione,
1122 1200 1276 1258 quae
1324 1182 1466 1240 dum
1513 1200 1611 1240 ore
1648 1181 1973 1259 perficitur,
2020 1182 2316 1241 internam
2346 1181 2726 1241 refectionem
2758 1179 3053 1257 significat

437 1279 497 1332 et
527 1271 723 1344 efficit.
772 1271 979 1340 ,Tunc
1010 1271 1151 1343 vita,
1184 1271 1386 1345 inquit
1416 1289 1591 1334 serm.
1621 1280 1729 1335 131
1775 1290 1833 1329 n.
1876 1281 1926 1342 1,
1961 1270 2288 1348 unicuique
2318 1271 2433 1331 erit
2464 1289 2678 1347 corpus
2711 1272 2774 1330 et
2803 1270 3051 1347 sanguis

435 1362 665 1432 Christi,
696 1361 746 1421 si
778 1360 938 1436 quod
971 1360 1036 1418 in
1066 1363 1431 1419 sacramento
1461 1359 1780 1418 visibiliter
1809 1360 2084 1432 sumitur,
2117 1361 2181 1419 in
2214 1361 2343 1437 ipsa
2372 1361 2624 1420 veritate
2656 1359 3054 1435 spiritualiter

434 1450 840 1519 manducetur,
871 1449 1266 1525 spiritualiter
1295 1449 1556 1508 bibatur.
1572 1458 1600 1489 ¹

608 1554 673 1620 4.
707 1555 1088 1633 Distinguere
1121 1556 1245 1614 scil.
1281 1575 1415 1614 cum
1449 1556 1655 1615 eodem
1686 1557 2136 1634 Augustino
2182 1558 2255 1615 de
2287 1557 2470 1616 doctr.
2504 1557 2622 1615 chr.
2656 1554 2762 1626 111,
2804 1564 2880 1618 12
2917 1573 3053 1631 pos-

437 1665 645 1705 sumus
695 1645 982 1721 duplex
1028 1644 1349 1722 figuratum
1384 1645 1671 1721 loquendi
1702 1664 1914 1723 genus,
1946 1647 2202 1705 alterum
2236 1641 2776 1727 (metaphoricum),
2822 1645 2888 1703 in
2930 1662 3051 1719 quo

435 1735 614 1794 verba
643 1754 764 1794 non
794 1734 1135 1812 significant
1163 1733 1246 1805 id,
1294 1733 1369 1792 ad
1403 1735 1562 1810 quod
1595 1735 2044 1810 exprimendum
2074 1737 2335 1812 primum
2368 1737 2511 1794 sunt
2544 1734 2857 1802 instituta3
2904 1733 3050 1791 alte-

435 1844 569 1883 rum
605 1818 947 1905 (typicum),
978 1824 1044 1882 in
1075 1842 1194 1899 quo
1227 1841 1439 1883 sensus
1469 1824 1746 1900 proprius
1766 1842 1888 1883 non
1906 1824 2259 1895 excluditur,
2296 1824 2400 1884 sed
2433 1824 2513 1894 id,
2546 1824 2707 1899 quod
2739 1822 2921 1882 verba
2951 1840 3050 1881 ex-

438 1914 724 1989 primunt,
771 1913 961 1990 figura
1005 1917 1066 1971 et
1109 1915 1292 1989 typus
1339 1915 1434 1971 est
1476 1912 1724 1972 alterius
1756 1913 1863 1983 rei,
1910 1932 2089 1988 quam
2120 1914 2438 1973 verborum
2471 1912 2826 1991 significatio
2856 1929 2961 1988 per
2991 1930 3051 1969 se

441 2021 561 2061 non
580 2002 832 2062 exhibet.
879 2004 950 2061 In
981 2002 1316 2078 exemplum
1344 2001 1516 2061 affert
1545 2002 1672 2078 ipse
1705 2003 1754 2060 A
1772 2002 2157 2080 ugustinu
2175 2020 2202 2061 s
2234 2002 2575 2062 unctionem
2597 2003 2813 2079 pedum
2834 2001 3053 2060 Christi

437 2113 470 2149 a
501 2092 748 2151 muliere
779 2091 994 2151 factam
1025 2090 1322 2167 docetque
1353 2090 1537 2162 illam,
1571 2091 1685 2150 etsi
1714 2109 1852 2150 vere
1885 2092 2154 2169 contigit,
2188 2091 2378 2151 fuisse
2409 2090 2775 2169 figuram,
2824 2108 2976 2166 quae
3021 2110 3054 2147 a

436 2180 689 2253 Christe,
722 2180 992 2257 quamvis
1023 2179 1316 2256 ejusmodi
1349 2180 1553 2239 unctio
1586 2180 1768 2257 vulgo
1801 2180 1971 2239 luxui
2002 2181 2406 2257 deputaretur,
2450 2180 2523 2239 ad
2565 2179 2793 2256 aliquid
2825 2178 3052 2256 signifi-

437 2270 690 2330 candum
723 2270 908 2330 fuerit
937 2269 1214 2329 admissa.
1261 2268 1386 2327 Hoc
1418 2287 1603 2329 sensu
1636 2268 2013 2347 Origenes
2045 2271 2129 2329 ait
2160 2270 2226 2329 in
2254 2270 2425 2329 Joan.
2459 2274 2501 2328 t.
2536 2278 2615 2332 32
2651 2288 2709 2330 n.
2738 2277 2837 2344 13,
2870 2268 3052 2328 Joan-

437 2377 569 2418 nem
603 2357 1027 2436 symbolice
1060 2357 1403 2417 recubuisse
1436 2358 1500 2416 in
1531 2358 1670 2417 sinu
1702 2359 1942 2430 Christi,
1990 2378 2110 2418 non
2140 2358 2299 2435 quod
2331 2377 2536 2418 revera
2566 2359 2631 2417 in
2663 2359 2802 2417 sinu
2832 2357 3051 2417 Christi

435 2467 554 2507 non
584 2448 878 2523 recubuit,
915 2448 1018 2507 sed
1048 2447 1208 2523 quod
1242 2446 1548 2506 recubitus
1580 2447 1683 2507 ille
1716 2448 2056 2524 symbolum
2086 2452 2215 2507 erat
2245 2448 2527 2525 propensi
2558 2447 2826 2517 affectus,
2872 2465 3051 2524 quem

437 2556 575 2613 erga
606 2537 906 2596 Christum
936 2535 1182 2614 gerebat
1210 2535 1250 2594 J
1254 2554 1492 2596 oannes.
1554 2536 1846 2596 Similiter
1876 2538 1962 2596 ait
1991 2557 2049 2599 n.
2090 2548 2186 2608 16,
2230 2537 2553 2613 symbolice
2584 2540 2816 2596 noctem
2847 2535 3048 2605 fuisse,

438 2645 570 2685 cum
602 2626 811 2687 Jesum
840 2626 1185 2704 proditurus
1217 2625 1255 2684 J
1263 2624 1406 2685 udas
1437 2625 1613 2696 exiit3
1661 2644 1782 2686 non
1814 2626 1975 2703 quod
2020 2645 2223 2686 revera
2266 2645 2382 2687 nox
2411 2644 2533 2686 non
2564 2629 2710 2697 erat,
2760 2624 2865 2685 sed
2910 2626 3053 2701 quia

439 2735 552 2775 nox
582 2717 688 2775 illa
717 2717 1056 2793 symbolum
1089 2719 1216 2773 erat
1247 2715 1436 2774 noctis
1469 2716 1737 2788 alteriue,
1771 2735 1923 2792 quae
1954 2716 1993 2775 J
1996 2716 2146 2776 udae
2178 2716 2376 2776 animo
2408 2715 2732 2775 incubabat
2761 2717 2871 2776 etc.
2916 2714 3050 2774 Jam

440 2823 574 2864 vero
604 2806 715 2863 hoc
760 2823 941 2865 sensu
970 2804 1350 2863 manducatio
1381 2805 1823 2864 sacramentalis
1854 2806 2047 2864 earnis
2080 2806 2297 2865 Christi
2327 2805 2519 2882 figura
2546 2804 2664 2864 dici
2694 2806 2897 2880 potest
2927 2804 3047 2879 spi-

437 2895 671 2954 ritualis
703 2893 1195 2966 manducationiS,
1242 2912 1360 2969 qua
1404 2893 1596 2970 ipsius
1629 2895 1896 2971 passioni
1928 2895 2429 2954 communicamus
2460 2898 2521 2953 et
2552 2895 2616 2952 in
2646 2892 2930 2953 memoria
2957 2911 3051 2951 re-

437 2983 765 3054 condimus,
799 2983 958 3060 quod
990 3001 1122 3042 caro
1155 2984 1284 3059 ejus
1316 3001 1424 3058 pro
1457 2983 1629 3042 nobis
1662 2983 1937 3043 crucifixa
1967 2987 2029 3043 et
2062 2985 2371 3044 vulnerata
2402 2988 2510 3043 est.
2563 2982 2754 3052 Quare
2774 2981 3053 3041 exhibent

437 3071 588 3131 forte
619 3072 945 3150 Augustini
976 3071 1157 3131 verba
1187 3071 1602 3131 difficultatem
1623 3073 2001 3150 exegeticam‚
2034 3092 2153 3132 non
2184 3092 2324 3132 vero
2357 3072 2766 3150 dogmaticam,
2800 3090 2935 3131 cum
2966 3070 3051 3129 ibi

437 3181 552 3220 non
585 3162 808 3234 doceat,
842 3161 986 3237 quid
1019 3161 1256 3239 proprie
1288 3160 1368 3219 sit
1397 3157 1833 3243 eucharistia1).

615 3286 760 3352 338.
806 3282 1064 3349 'rhesis
1100 3280 1416 3350 CCXXI.
1443 3302 1713 3358 Eadem
1749 3302 2016 3355 veritas
2055 3304 2554 3367 comprobatur
2594 3304 2822 3357 verbis
2849 3304 3052 3356 insti-

436 3393 725 3446 tutionis
760 3392 1235 3447 eucharistiae
1273 3392 1523 3446 Mama.
1560 3391 1675 3457 26,
1710 3391 1806 3444 26
1840 3405 1969 3456 ss.,·
2008 3393 2235 3446 Marc.
2274 3391 2386 3458 14,
2421 3393 2515 3446 22
2550 3406 2679 3458 ss.,·
2734 3394 2902 3447 Luc.
2944 3393 3054 3456 22,

436 3481 524 3534 19
557 3497 647 3537 ss.
685 3487 749 3537 ct
786 3484 828 3536 1
866 3483 1019 3538 Gor.
1056 3484 1160 3546 11,
1197 3483 1293 3535 24
1327 3496 1382 3535 s.

611 3586 1185 3654 Demonstratio.
1223 3585 1283 3654 1.
1321 3585 1647 3665 Dogmatis
1679 3584 1980 3650 catholici
2012 3585 2310 3666 probatio
2347 3605 2427 3650 ex
2460 3586 2672 3653 verbis
2704 3587 3051 3651 institutio-

436 3693 533 3754 nis
565 3692 729 3759 adeo
761 3699 862 3758 est
891 3692 1101 3773 plana,
1134 3692 1403 3774 simplex
1437 3698 1499 3756 et
1532 3690 1828 3768 candida,
1849 3697 1920 3755 ut
1940 3692 2044 3755 vix
2063 3691 2148 3755 ad
2168 3692 2736 3758 demonstrationis
2756 3709 3054 3756 normam

437 3799 600 3880 exigi
629 3799 850 3880 possit,
882 3799 1036 3881 quin
1068 3799 1466 3864 obscuretur.
1530 3798 1719 3862 Ratio
1773 3798 1961 3875 enim,
2016 3817 2216 3880 quare
2247 3798 2531 3865 Ecclesia
2561 3798 2882 3863 catholica
2912 3816 3051 3861 ere-

657 4017 691 4084 1)
721 4012 806 4067 Cf.
830 4012 1114 4066 Schanz
1157 4013 1298 4073 Tub,
1327 4013 1571 4077 Qtlschr.
1606 4018 1738 4069 1896
1765 4032 1818 4082 p.
1847 4018 2126 4071 79-117:
2178 4013 2309 4067 Nat.
2351 4011 2782 4066 Alexander
2822 4009 2954 4064 diss.
2983 4011 3052 4064 de

439 4092 759 4158 praesentia
800 4093 936 4146 reali
979 4092 1061 4164 (in
1086 4094 1230 4147 thes.
1259 4093 1432 4146 theol.
1461 4091 1547 4145 Za
1564 4110 1592 4145 c
1610 4094 1646 4146 h
1664 4093 1827 4146 aria
1845 4109 1874 4145 e
1902 4096 1944 4148 t.
1972 4094 2115 4165 XII.)
2142 4109 2192 4146 a.
2221 4101 2251 4147 2
2279 4102 2307 4160 ς
2341 4102 2419 4150 14.
2465 4094 2623 4146 Hanc
2650 4092 3052 4145 difficultatem

439 4170 546 4225 sibi
585 4190 619 4225 a
654 4172 1022 4243 Frudegardo
1064 4172 1419 4243 propositam
1454 4174 1575 4242 jam
1617 4173 1855 4227 resolvit
1894 4173 2093 4228 Pasch.
2121 4174 2269 4228 Rad
2289 4175 2323 4227 b
2342 4193 2370 4228 e
2388 4193 2414 4227 r
2434 4177 2552 4228 tus
2593 4173 2655 4227 in
2690 4189 2778 4240 ep.
2820 4171 2894 4225 ad
2921 4188 3048 4225 eum

437 4249 703 4322 (migne
737 4259 854 4317 120,
887 4258 1040 4325 1352)
1067 4253 1400 4306 advertens:
1431 4253 1613 4316 „Ideo,
1642 4253 1689 4306 si
1717 4253 1850 4320 quis
1876 4253 2019 4306 dicit
2045 4254 2193 4307 hanc
2214 4271 2439 4308 carnem
2461 4256 2519 4308 et
2532 4255 2686 4308 huuc
2714 4252 3052 4323 sanguinem

437 4330 517 4383 sic
543 4331 668 4401 ipsa
696 4348 814 4386 esse
842 4332 1058 4401 absque
1104 4332 1373 4401 mysterio
1401 4335 1459 4387 et
1484 4334 1853 4397 sacramento,
1880 4350 1983 4387 nec
2008 4334 2072 4386 in
2100 4334 2284 4404 figura
2311 4351 2379 4388 ex
2402 4337 2568 4402 parte
2602 4333 2961 4396 sumendum,
2988 4337 3055 4386 ut

437 4409 527 4463 illi
551 4414 692 4464 tunc
718 4413 972 4466 carnales
999 4413 1304 4467 carnaliter
1325 4413 1610 4482 sapientes
1637 4417 1952 4477 senserunt,
1978 4416 2165 4469 totum
2193 4418 2652 4486 (sacramentum)
2680 4414 2942 4485 dissipat.
2982 4413 3056 4466 Et

437 4490 565 4546 ideo
593 4491 738 4547 forte
765 4492 967 4547 beatus
994 4493 1356 4564 Augustinus
1380 4492 1489 4547 hoc
1515 4493 1597 4546 ita
1626 4509 1840 4562 sapere,
1867 4510 2141 4564 magnum
2183 4494 2406 4548 facinus
2434 4512 2551 4548 esse
2578 4494 2736 4547 dicit.
2776 4493 3054 4562 Alioquin

438 4571 724 4638 quomodo
753 4573 874 4643 ipse
901 4573 1169 4642 idemque
1208 4574 1407 4628 doctor
1446 4576 1561 4628 tam
1603 4573 1870 4644 egregius
1910 4576 2108 4629 contra
2135 4591 2193 4628 se
2219 4574 2435 4628 diceret
2450 4582 2502 4627 :³⁶⁴
2558 4572 2641 4627 Cf.
2671 4573 2718 4627 G
2736 4592 2772 4626 ιι
2790 4573 2924 4627 itm
2941 4592 2978 4627 u
2995 4591 3053 4625 n-

436 4653 471 4705 d
491 4670 529 4705 u
546 4671 571 4705 s
596 4654 667 4717 Π,
694 4659 763 4710 24
789 4672 857 4709 ss.
887 4671 1080 4724 opusc.
1107 4655 1358 4719 XXXVI,
1387 4655 1488 4723 qui
1517 4655 1866 4710 umbraticos
1891 4656 1999 4709 hoc
2026 4657 2187 4709 textu
2214 4656 2529 4726 gloriantes
2550 4655 2757 4708 acriter
2783 4655 3054 4723 perstrin-

440 4733 530 4801 git
554 4737 610 4786 et
637 4733 869 4789 refellit.
