3538 5364
633 284 762 348 448
1347 274 1532 328 Tract.
1558 274 1651 329 lx,
1677 276 1746 329 de
1777 273 2155 344 poenitentia.
2183 274 2264 328 De
2290 292 2523 330 recursu

813 459 877 526 2.
910 461 1115 536 Neque
1147 460 1372 535 aliquid
1407 461 1620 536 probat
1638 459 1932 517 Ananiam
1951 460 2168 520 dixisse
2191 461 2375 519 Paulo
2410 479 2550 520 sane
2582 462 2839 521 contrito
2859 463 2990 521 Act.
3016 471 3116 531 22,
3150 474 3250 525 16:

632 554 900 629 Exsurye
931 557 981 608 ει
1012 551 1310 623 baptizare
1342 558 1392 607 et
1424 550 1587 608 ablue
1611 555 1847 624 peccata
1880 557 1998 609 tua.
2066 549 2395 626 Supposuit
2425 568 2564 626 ergo
2599 551 2799 620 Paulo,
2841 551 2984 610 licet
3014 552 3248 610 haberet

632 640 1053 701 contritionem
1098 639 1435 715 perfectam,
1483 639 1751 697 nondum
1797 639 2049 697 remissa
2094 657 2220 698 esse
2267 642 2525 715 peccata.
2567 673 2644 687 --
2679 640 3056 715 Respondete
3101 641 3249 699 enim

632 731 788 800 licet,
834 729 930 787 vel
964 728 1251 786 Ananiam
1285 728 1589 804 ignorasse
1622 727 1797 785 Pauli
1830 727 2155 802 perfectam
2187 728 2601 787 contritionem
2648 732 2708 787 et
2745 728 3249 804 justificationem,

632 821 728 878 vel
759 819 865 876 illa
896 817 1075 876 verba
1106 817 1413 875 continere
1443 816 1728 892 baptismi
1759 816 2218 892 descriptionem
2250 837 2284 875 a
2316 817 2498 876 Paulo
2533 818 2920 893 suscipiendi,
2968 819 3112 877 licet
3134 821 3248 894 jam

632 911 793 968 esset
823 906 1047 965 virtute
1079 905 1450 964 contritionis
1485 905 1776 981 perfectae
1799 905 2185 981 justificatus

811 1026 874 1097 3.
906 1030 1127 1090 Verum
1161 1029 1402 1105 quidem
1436 1033 1524 1087 est
1559 1048 1603 1089 s,
1636 1030 2169 1107 Augustinum
2200 1030 2370 1089 valde
2403 1050 2617 1105 urgere
2639 1031 3082 1107 susceptionem
3114 1033 3247 1107 bap-

631 1120 795 1180 tismi
826 1121 1005 1179 etiam
1038 1120 1231 1195 quoad
1264 1137 1383 1189 eoa,
1417 1118 1522 1195 qui
1555 1119 1800 1177 caritate
1821 1119 2090 1196 flagrant.
2142 1120 2235 1178 Ita
2254 1123 2424 1178 tract.
2458 1130 2530 1183 13
2555 1120 2617 1178 in
2637 1120 2810 1182 Joan.
2830 1139 2888 1183 n.
2917 1128 2951 1184 7
2969 1141 2984 1178 :
3022 1120 3251 1189 ‚Quan-

631 1213 1000 1285 tumcunque
1031 1210 1488 1268 catechumenus
1533 1207 1819 1284 proficiat,
1870 1208 2062 1267 adhuc
2112 1209 2400 1268 sarcinam
2450 1209 2793 1283 iniquitatis
2847 1227 2990 1268 suae
3040 1212 3248 1285 portat,

632 1318 751 1358 non
784 1299 873 1357 illi
920 1298 1267 1367 dimittitur,
1317 1297 1437 1357 nisi
1481 1315 1613 1356 cum
1665 1297 1901 1356 venerit
1944 1298 2017 1356 ad
2063 1298 2488 1374 baptismum.‘
2520 1333 2610 1376 ε-
2642 1299 2815 1374 Resp.
2847 1298 3248 1375 Augustinum

632 1388 926 1465 ejusmodi
960 1407 1100 1463 prae
1131 1387 1317 1446 oeulis
1338 1387 1550 1445 habere
1570 1387 2038 1457 catechumenos,
2074 1387 2180 1462 qui
2213 1387 2330 1445 etsi
2364 1387 2728 1446 occasionem
2750 1386 3050 1446 habebant
3071 1388 3248 1446 susci-

635 1476 841 1552 piendi
872 1470 1168 1553 baptismi,
1202 1476 1376 1534 illum
1409 1475 1779 1546 differebant,
1831 1476 2237 1553 negligebant,
2289 1475 2410 1535 fere
2459 1476 2949 1545 contemnebant3
3001 1495 3249 1551 quorum

634 1565 850 1624 caritas
880 1566 1099 1624 idcirco
1134 1566 1345 1624 merito
1379 1568 1654 1640 suspecta
1684 1567 1829 1626 erat.
1891 1564 1985 1622 Ita
2031 1566 2190 1624 enim
2237 1565 2316 1628 ib.
2349 1584 2408 1623 n.
2445 1576 2479 1628 6
2515 1565 2752 1624 scribit:
2804 1566 3041 1634 ¹,Quare
3087 1584 3249 1641 opor-

632 1655 817 1725 tebat,
864 1659 936 1713 ut
980 1655 1268 1713 Dominus
1314 1654 1755 1730 baptizaretur?
1823 1652 1974 1722 Quia
2017 1654 2194 1712 multi
2237 1655 2635 1730 contempturi
2668 1658 2839 1713 erant
2867 1655 3245 1730 baptismum,

633 1763 701 1802 eo
749 1744 907 1818 quod
944 1745 1069 1819 jam
1114 1744 1334 1819 majore
1379 1743 1572 1819 gratia
1618 1743 1873 1818 praediti
1920 1743 2280 1814 viderentur,
2333 1762 2513 1819 quam
2556 1743 2827 1802 viderent
2856 1744 3007 1803 alios
3042 1743 3248 1802 fideles.

552 1908 559 1911 -
634 1833 815 1891 Verbi
862 1833 1055 1909 gratia
1097 1834 1221 1907 jam
1271 1832 1645 1890 continenter
1690 1831 1897 1890 vivens
1943 1826 2399 1891 catechumenus
2440 1836 2845 1892 contemneret
2873 1834 3247 1910 conjugatum

634 1926 695 1980 et
739 1922 962 1980 diceret
1007 1940 1067 1979 se
1114 1922 1411 1980 meliorem
1446 1940 1623 1995 quam
1657 1921 1760 1978 ille
1794 1920 1877 1978 sit
1908 1921 2116 1985 fidelis,
2185 1922 2293 1980 Ille
2335 1922 2794 1981 catechumenus
2826 1925 3033 1998 posset
3064 1922 3247 1980 dicere

633 2012 697 2069 in
729 2011 903 2069 corde
934 2029 1074 2069 suo:
1125 2009 1282 2078 Quid
1312 2010 1459 2068 mihi
1491 2028 1639 2085 opus
1670 2015 1763 2067 est
1795 2010 2154 2085 baptismum
2190 2011 2465 2087 accipere,
2512 2018 2584 2069 ut
2629 2011 2735 2069 hoc
2782 2012 3047 2081 habeam,
3096 2010 3245 2086 quod

634 2103 697 2158 et
726 2100 858 2166 iste,
892 2119 1010 2174 quo
1036 2101 1160 2175 jam
1192 2099 1400 2158 melior
1431 2101 1648 2157 sum'P‘

812 2223 959 2288 462.
994 2219 1340 2288 Scholion
1373 2219 1433 2286 Ι.
1498 2218 1812 2282 Contritio
1858 2224 1929 2281 ut
1953 2218 2260 2299 justificet
2293 2226 2447 2282 ante
2482 2218 2871 2283 sacramenti
2902 2220 3246 2299 susceptio-

634 2344 799 2403 nem,
831 2325 1158 2392 includere
1204 2326 1397 2390 debet
1440 2325 1830 2390 sacramenti
1863 2331 2137 2389 votum
2175 2326 2430 2410 (saltem
2463 2326 2886 2413 implicitum),
2919 2332 2992 2390 ut
3023 2326 3247 2391 diserte

634 2434 858 2498 statuit
889 2452 1085 2516 supra
1129 2432 1488 2497 concilium.
1551 2433 1712 2496 Hinc
1758 2433 2068 2496 damnata
2114 2431 2230 2495 fuit
2277 2451 2333 2496 a.
2374 2437 2542 2501 1479
2577 2451 2618 2496 a
2649 2430 2833 2496 Sixto
2867 2433 2965 2497 lv.
3033 2432 3244 2499 Petri

634 2541 1002 2605 oxumensis
1035 2559 1211 2622 prop.
1251 2545 1318 2607 1:
1389 2538 1706 2614 ‚Peccata
1746 2539 2049 2603 mortalia
2097 2546 2409 2620 quantum
2459 2539 2543 2602 ad
2594 2540 2848 2621 culpam
2883 2546 2948 2604 et
2978 2558 3245 2622 poenam

634 2647 894 2713 alterius
925 2647 1123 2712 seculi
1154 2646 1447 2713 delentur
1478 2666 1592 2728 per
1623 2647 1829 2712 solam
1863 2646 2074 2711 cordis
2109 2646 2565 2712 contritionem
2603 2648 2742 2712 sine
2775 2647 3000 2713 ordine
3021 2648 3105 2712 ad
3122 2648 3244 2712 cla·

631 2768 798 2819 ves‘
852 2755 1040 2819 Ratio
1074 2760 1190 2829 est,
1224 2754 1375 2835 quia
1407 2762 1477 2817 ut
1508 2753 1881 2831 videbimus,
1915 2755 1980 2817 in
2013 2753 2341 2836 praesenti
2372 2773 2586 2819 rerum
2620 2755 3008 2819 oeconomia
3037 2773 3245 2818 recur-

633 2882 744 2926 sus
777 2862 860 2925 ad
891 2862 1105 2926 claves
1146 2861 1551 2926 necessarius
1601 2869 1698 2926 est
1746 2862 1829 2925 ad
1877 2861 2296 2926 obtinendam
2344 2867 2761 2942 peccatorum
2811 2862 3244 2926 remissionem

633 2988 765 3033 non
795 2969 1006 3032 minus
1039 2987 1116 3030 ac
1150 2966 1522 3048 baptismus,
1588 2964 1654 3030 Si
1687 2985 1837 3048 ergo
1871 2966 2042 3032 Deus
2074 2968 2312 3033 intuitu
2346 2967 2636 3032 caritatis
2668 2972 2941 3049 peccata
2973 2968 3244 3041 remittit,

634 3082 982 3158 antequam
1015 3074 1156 3156 quis
1189 3092 1258 3138 se
1291 3074 1373 3137 ad
1406 3073 1688 3137 clavium
1717 3075 2033 3155 receperit
2065 3081 2473 3156 potestatem,
2507 3077 2570 3140 id
2603 3082 2872 3141 eatenus
2907 3074 3075 3148 facit,
3097 3092 3244 3157 qua-

633 3188 820 3246 tenus
853 3181 1088 3244 caritas
1136 3186 1231 3244 est
1280 3180 1610 3262 plenitudo
1657 3181 1815 3261 legis
1862 3181 2243 3263 firmumque
2292 3183 2555 3247 includit
2605 3183 3004 3265 propositum
3053 3182 3244 3246 adim-

633 3287 849 3367 plendi
879 3294 1295 3368 praeceptum
1329 3287 1408 3351 de
1442 3306 1707 3352 recursu
1741 3287 1824 3351 ad
1858 3294 2249 3368 potestatem
2283 3289 2591 3354 clavium:
2643 3290 2816 3372 quod
2850 3290 2907 3353 si
2940 3289 3091 3352 illud
3125 3307 3242 3352 non

634 3392 1003 3468 includeret,
1027 3394 1162 3474 jam
1196 3413 1328 3457 non
1348 3401 1519 3459 esset
1538 3413 1693 3460 vera
1713 3396 1969 3458 caritas.
2007 3398 2322 3477 Acceptat
2355 3415 2507 3477 ergo
2530 3396 2703 3461 Deus
2722 3403 2858 3461 tam
2877 3396 3120 3461 bonam
3139 3414 3244 3459 vo-

634 3498 950 3564 luntatem
981 3499 1234 3565 interim
1267 3521 1383 3582 pro
1418 3521 1631 3583 opere.

816 3638 961 3692 463.
996 3625 1341 3695 Scholion
1380 3629 1483 3695 II.
1551 3633 1635 3691 De
1678 3650 1922 3691 recursu
1968 3634 2046 3690 ad
2093 3634 2275 3690 claves
2319 3652 2434 3691 non
2480 3634 2735 3692 obstante
2771 3635 3121 3691 contritione.
3168 3664 3243 3674 -—

634 3719 907 3790 QuaereS,
940 3738 1121 3794 quare
1156 3720 1219 3788 is·‚
1268 3721 1373 3795 qui
1408 3722 1633 3780 virtute
1666 3721 2044 3780 contritionis
2078 3722 2324 3780 caritate
2357 3723 2646 3797 perfectae
2677 3722 3086 3781 remissionem
3120 3739 3245 3779 con-

635 3810 873 3866 secutus
917 3812 1010 3867 est
1054 3813 1429 3884 peccatorum
1475 3815 1612 3869 ante
1646 3816 1987 3886 susceptum
2020 3815 2471 3881 sacramentum,
2504 3812 2696 3869 adhuc
2727 3811 3031 3887 obligetur
3060 3829 3246 3869 recur-

633 3917 760 3957 rere
807 3897 880 3955 ad
926 3901 1278 3972 potestatem
1328 3899 1582 3956 clavium
1633 3905 1693 3957 et
1739 3899 2005 3958 confiteri
2041 3905 2281 3975 peccata
2303 3901 2428 3975 jam
2463 3901 2718 3962 remissa.
2753 3932 2839 3942 —
2873 3900 3069 3975 Hujus
3107 3899 3247 3958 obli·

633 3987 886 4062 gationis
919 3987 1069 4045 ratio
1103 3993 1194 4045 est
1224 3987 1552 4062 multiplex.
1619 3988 1939 4064 Obligatur

816 4090 875 4156 l.
907 4094 1135 4152 ratione
1182 4094 1346 4152 voti
1393 4112 1497 4152 seu
1543 4095 1831 4169 propositi
1865 4095 2201 4165 confitendi,
2251 4113 2386 4153 cum
2419 4095 2700 4153 contritio
2734 4096 2975 4153 caritate
3009 4095 3250 4154 formata

635 4200 702 4239 ex
754 4182 929 4240 dictis
979 4201 1097 4240 non
1142 4184 1265 4241 sine
1310 4184 1662 4242 sacramenti
1708 4187 1844 4243 voto
1891 4184 2187 4242 hominem
2233 4184 2353 4241 Deo
2400 4184 2759 4245 reconciliet.
2825 4185 3089 4243 Tenetur
3119 4202 3249 4261 ergo

634 4270 784 4328 illud
816 4271 1053 4346 exsequi
1088 4267 1477 4352 (obligatione
1497 4291 1618 4330 non
1639 4292 1808 4342 nova,
1844 4273 1946 4331 sed
1979 4292 2063 4342 ea,
2098 4292 2248 4348 quae
2280 4272 2476 4331 oritur
2505 4292 2572 4330 ex
2605 4273 2733 4347 ipso
2766 4277 3083 4349 praecept-0
3116 4293 3245 4332 con-

634 4355 948 4440 sessionis),
980 4380 1054 4418 ne
1087 4361 1148 4418 in
1180 4363 1418 4438 negotio
1450 4362 1605 4418 tanti
1639 4363 1924 4420 momenti
1961 4364 2078 4420 Deo
2112 4362 2370 4420 illusisse
2405 4361 2696 4422 videatur.
2764 4362 3082 4439 Obligatur

814 4464 883 4530 2.
915 4467 1143 4526 ratione
1188 4463 1778 4526 satisfactionis
1813 4470 1932 4527 Deo
1966 4468 2340 4531 exhibendae.
2409 4469 2638 4527 Fideles
2673 4469 2829 4527 enim
2861 4489 2971 4544 pro
3006 4468 3249 4546 peccatis

635 4556 915 4634 gravibus
961 4562 1094 4631 post
1137 4557 1501 4632 baptismum
1548 4558 1871 4616 commissis
1918 4558 2253 4616 satisfacere
2295 4560 2576 4615 tenentur
2609 4557 2934 4616 secundum
2961 4558 3247 4633 judicium

634 4664 857 4715 eorum,
891 4645 1107 4721 quibus
1141 4647 1474 4705 concredita
1507 4649 1599 4704 est
1644 4652 1904 4721 potestas
1936 4646 2211 4715 clavium,
2261 4666 2411 4722 quae
2458 4666 2577 4704 non
2623 4649 2859 4705 tantum
2906 4648 2979 4705 ad
3027 4649 3246 4706 solven-

635 4735 796 4807 dum,
832 4736 931 4794 sed
952 4735 1132 4794 etiam
1164 4735 1238 4793 ad
1269 4734 1575 4811 ligandum
1599 4736 1734 4793 data
1753 4739 1859 4799 est.
1909 4736 2061 4794 Hinc
2094 4757 2137 4798 s,
2171 4737 2214 4793 Τ
2234 4737 2268 4793 h
2287 4754 2320 4794 o
2340 4756 2394 4793 m
2413 4755 2487 4793 as
2519 4736 2591 4794 ad
2614 4736 3041 4812 quaestionem,
3077 4752 3249 4812 quare
