3538 5364
651 285 734 349 66
887 276 1074 329 Tract.
1101 275 1250 329 Vm.
1280 275 1348 328 de
1374 274 1582 345 gratia.
1609 272 1886 338 Facienti,
1912 273 2067 342 quod
2094 275 2183 327 est
2205 271 2268 326 in
2289 287 2364 337 se,
2380 270 2532 326 Deus
2547 289 2662 327 non
2678 271 2931 341 denegat
2950 289 3031 340 gr.

832 457 893 524 l.
925 462 1157 521 axioma
1186 460 1341 519 illud
1373 460 1984 535 aequivalenter
2028 463 2091 519 et
2119 458 2242 518 fere
2279 459 2583 517 diserte
2614 459 3074 534 praeformatum
3107 476 3264 532 repe-

649 551 759 611 riri
795 551 956 627 apud
985 555 1202 628 patres,
1269 548 1748 625 Aequivalenter,
1781 549 2016 624 quoties
2047 548 2279 617 docent,
2325 548 2514 606 Deum
2559 548 2715 606 nulli
2758 565 3011 623 prorsus
3055 544 3266 617 deesse,

651 642 758 717 qui
789 640 906 699 sibi
939 659 1060 699 non
1091 639 1172 698 sit
1202 639 1501 698 inimicus.
1533 638 1677 697 Fere
1708 637 1928 697 diserte
1962 637 2118 696 illud
2150 637 2432 713 proponit
2460 636 2490 693 I
2506 636 2779 696 sidoru
2797 655 2825 695 s
2857 636 3156 711 pelusiota
3183 655 3267 709 ep.

650 730 720 804 V,
761 740 919 793 459:
969 728 1128 798 ,Qui
1159 727 1376 787 virtuti
1408 727 1512 786 dat
1542 746 1798 803 operam,
1847 745 2104 803 aequum
2150 728 2261 801 est,
2308 745 2446 785 eum
2492 725 2754 785 divinam
2784 744 2958 801 opem
2990 726 3267 787 invocare.

651 822 734 877 At
778 818 878 894 qui
915 818 1144 876 nullam
1176 836 1417 893 operam
1462 816 1581 886 dat,
1630 815 1742 874 etsi
1790 834 1919 874 eam
1966 815 2263 891 imploret,
2312 815 2637 891 propitium
2669 834 2898 874 numen
2930 834 3051 874 non
3083 815 3269 875 habet.

654 907 767 977 Qui
800 908 958 966 enim
991 906 1207 978 omnia,
1239 924 1391 983 quae
1423 906 1486 964 in
1521 923 1583 964 se
1613 905 1728 963 sita
1758 910 1919 975 sunt,
1953 903 2257 980 adimplet,
2292 904 2451 962 Deus
2471 904 2586 980 ipsi
2607 903 2868 980 benigne
2886 903 3162 962 annuit.‘
3194 903 3268 964 Of.

650 996 1012 1055 Hilarius
1058 996 1197 1071 pict.
1254 995 1316 1052 in
1361 995 1568 1071 psalm.
1608 1003 1728 1057 118
1778 994 1868 1052 lit.
1915 993 2019 1064 N.;
2069 993 2671 1070 chrysostomus
2719 994 2875 1052 hom.
2927 1003 3007 1055 35
3042 994 3105 1051 in
3137 993 3269 1051 Gen.

650 1105 707 1148 ιι.
751 1098 813 1156 1;
848 1086 1002 1143 hom.
1039 1095 1119 1148 53
1152 1104 1209 1143 ιι.
1247 1093 1316 1154 2;
1349 1084 1415 1142 in
1444 1085 1653 1160 psalm.
1684 1092 1802 1146 120
1837 1102 1896 1141 ιι.
1934 1093 2000 1153 1;
2034 1083 2098 1141 in
2137 1093 2256 1145 129
2292 1101 2349 1140 n.
2387 1090 2457 1150 3;
2490 1082 2646 1140 hom.
2682 1092 2761 1145 45
2798 1083 2863 1140 in
2895 1082 3269 1144 Matth.n.1:

655 1175 785 1245 ,Ei,
820 1174 926 1250 qui
957 1173 1249 1232 desiderio
1281 1176 1341 1232 et
1373 1172 1573 1231 studio
1593 1172 1806 1248 plenus
1826 1174 1935 1241 est,
1970 1171 2277 1231 dabuntur
2307 1191 2341 1229 a
2362 1171 2480 1230 Deo
2509 1171 2736 1241 omnia;
2769 1172 2824 1230 ei
2857 1190 3018 1241 vere,
3048 1171 3153 1247 qui
3184 1171 3271 1228 his

652 1281 878 1323 vacuus
910 1265 1020 1333 est,
1053 1281 1162 1321 nec
1192 1281 1274 1331 ea,
1310 1280 1461 1338 quae
1491 1280 1672 1338 penes
1705 1279 1768 1320 se
1802 1263 1961 1330 sunt,
2010 1261 2170 1330 facit,
2219 1279 2414 1336 neque
2444 1280 2529 1330 ea,
2566 1278 2718 1335 quae
2748 1281 2784 1318 a
2814 1260 2938 1318 Deo
2971 1262 3129 1330 sunt,
3175 1260 3268 1317 da-

650 1353 882 1411 buntur
924 1353 1090 1422 illi3‘
1135 1352 1291 1414 hom.
1335 1362 1409 1413 14
1442 1351 1507 1409 in
1538 1369 1629 1426 ep.
1661 1349 1735 1407 ad
1768 1350 1931 1408 Rom.
1963 1368 2021 1408 n.
2061 1361 2175 1420 11;
2220 1350 2375 1407 hom.
2411 1359 2490 1411 26
2526 1369 2584 1407 ιι.
2622 1359 2690 1420 3;
2740 1349 2794 1406 h.
2839 1359 2916 1412 12
2965 1349 3030 1407 in
3073 1367 3158 1424 ep.
3204 1349 3273 1406 ad

652 1441 832 1501 Hebr.
866 1460 924 1506 n.
951 1453 1018 1512 33
1052 1440 1413 1499 Basilius
1444 1440 1507 1498 in
1538 1438 1761 1516 regulis
1782 1438 2038 1499 brevior.
2059 1439 2343 1515 interrog.
2369 1448 2527 1508 2243
2562 1437 3273 1497 Pseudo-Basilius

654 1531 888 1590 constit.
920 1532 1169 1590 monast.
1202 1548 1249 1592 c.
1287 1540 1311 1592 1
1369 1548 1426 1589 n.
1462 1539 1530 1599 43
1581 1529 2098 1587 Damascenus
2145 1546 2227 1589 or.
2279 1538 2313 1591 3
2366 1527 2439 1586 de
2482 1528 2659 1605 imag.
2692 1547 2749 1586 n.
2786 1537 2889 1590 33.
2955 1528 3083 1586 Imo
3115 1545 3273 1601 prae-

652 1620 974 1679 formatum
1006 1618 1123 1677 dici
1155 1620 1356 1694 potest
1386 1618 1479 1676 vel
1512 1618 1576 1675 in
1612 1616 1831 1675 divinis
1863 1616 2057 1675 literis
2079 1616 2244 1675 Zach.
2274 1629 2325 1687 l,
2362 1626 2397 1678 3
2434 1611 2643 1699 (70⁴);
2674 1616 2886 1678 Matth.
2914 1627 2969 1687 7,
3008 1627 3075 1679 7:
3110 1614 3276 1673 Petite

654 1716 706 1766 et
735 1709 974 1767 dabitur
1002 1708 1154 1766 vobis
1166 1728 1196 1778 ,·
1226 1709 1486 1784 quaerite
1516 1713 1566 1763 et
1596 1703 1918 1781 invenietis,
1942 1707 2173 1780 pulsate
2203 1714 2254 1763 et
2273 1706 2544 1780 pulsanti
2573 1708 2877 1780 aperietur
2905 1708 3023 1764 etc.
3071 1704 3275 1763 Merito

652 1798 901 1873 proinde
932 1796 1051 1855 dici
1082 1798 1284 1872 potest
1313 1796 1541 1854 axioma
1570 1794 1988 1866 biblicum,
2021 1795 2565 1871 patristicum,
2599 1795 3024 1854 rationale.

832 1899 895 1968 2.
929 1902 1320 1978 Multiplicem
1366 1919 1494 1960 esse
1537 1901 1851 1960 axiomatis
1884 1901 2040 1977 apud
2073 1902 2382 1979 theologos
2414 1902 2890 1978 explicationem.
2960 1901 3042 1963 Cf.
3088 1900 3274 1958 variae

656 1992 988 2051 sententiae
1020 1991 1179 2067 apud
1211 1990 1543 2066 Ripalda
1572 1989 1723 2066 disp.
1759 2000 1839 2053 20
1876 1995 2018 2050 sect.
2058 2003 2124 2061 13
2166 1991 2534 2050 Mazzella
2565 1991 2621 2050 d.
2655 2001 2693 2054 4
2727 2010 2776 2052 a.
2815 2001 2849 2054 5
2888 1995 2921 2063 ὅ
2958 1999 2993 2051 2
3028 1995 3089 2048 et
3119 1989 3274 2047 Pal-

654 2081 878 2141 mieri
923 2082 1010 2145 th.
1045 2090 1145 2143 34.
1211 2079 1599 2139 Praeferenda
1627 2079 1870 2139 videtur
1911 2081 2033 2151 illa,
2081 2080 2411 2139 secundum
2441 2099 2620 2155 quam
2652 2080 2884 2139 axioma
2915 2078 3275 2154 intelligitur

656 2170 728 2230 de
758 2169 1012 2229 faciente
1045 2169 1205 2245 quod
1236 2171 1327 2227 est
1356 2169 1422 2228 in
1453 2187 1517 2228 se
1561 2168 1811 2241 viribus,
1844 2187 1993 2245 quas
2023 2169 2231 2230 habet:
2278 2168 2528 2245 ideoque
2573 2170 2667 2228 vel
2699 2169 2935 2228 viribus
2981 2166 3275 2245 gratiae

650 2260 961 2342 elevantis,
1013 2260 1226 2318 saltem
1257 2257 1307 2317 si
1341 2276 1534 2316 sermo
1567 2261 1661 2316 est
1706 2258 1777 2316 de
1823 2257 1934 2315 fid
1952 2258 2056 2316 eli
2103 2261 2380 2334 respectu
2410 2258 2636 2334 gratiae
2668 2258 2966 2317 uberioris
3001 2253 3149 2339 (sive
3178 2256 3273 2313 ha-

652 2348 903 2407 bitualis
935 2349 1059 2407 sive
1094 2341 1394 2429 actualis),
1444 2366 1550 2406 seu
1596 2347 1667 2404 de
1713 2365 1781 2405 eo
1828 2347 1933 2421 qui
1978 2346 2238 2423 primum
2276 2348 2349 2403 ad
2381 2347 2554 2405 fidem
2586 2350 2867 2419 vocatur3
2915 2348 3010 2406 vel
3058 2344 3274 2403 viribus

653 2441 984 2497 naturae
1027 2437 1093 2495 in
1136 2436 1503 2495 facilioribus
1549 2441 1610 2493 et
1648 2434 1878 2495 viribus
1910 2436 2138 2513 gratiae
2169 2435 2538 2495 medicinalis
2570 2437 2779 2495 saltem
2811 2435 3014 2511 quoad
3042 2433 3276 2494 modum

655 2525 1127 2602 supernaturalis
1159 2527 1225 2584 in
1255 2525 1708 2595 difficilioribus,
1744 2528 1796 2582 si
1829 2542 2021 2583 sermo
2053 2528 2146 2583 est
2177 2524 2249 2583 de
2280 2524 2620 2583 infideli.
2670 2525 2798 2594 Quo
2829 2526 2896 2584 in
2930 2543 3067 2583 casu
3087 2528 3274 2581 tamen

654 2616 891 2674 nullum
924 2615 1085 2675 inest
1113 2634 1220 2674 me
1236 2615 1494 2685 ritum,
1528 2614 1697 2671 nulla
1721 2612 2034 2690 dispositio
2055 2613 2313 2690 positiva
2331 2613 2579 2686 actibus,
2615 2614 2839 2690 quibus
2860 2613 3121 2673 infidelis
3142 2610 3275 2669 facit

654 2706 813 2782 quod
846 2710 941 2765 est
970 2707 1032 2764 in
1066 2724 1146 2776 se,
1182 2705 1285 2763 sed
1317 2706 1556 2762 tantum
1575 2703 1889 2778 dispositio
1921 2703 2291 2779 negativa
2323 2723 2631 2763 removens
2651 2705 2899 2776 obicem,
2935 2703 3040 2780 qui
3060 2700 3275 2780 gratiae

655 2794 1012 2854 infusionem
1043 2793 1330 2869 impedire
1360 2796 1580 2869 posset,
1629 2798 1689 2850 et
1725 2791 1878 2851 ratio
1910 2791 2432 2862 conditionis,
2481 2812 2600 2869 qua
2630 2793 2828 2869 posita
2859 2794 3023 2852 Deus
3055 2790 3277 2850 intuitu

654 2885 1003 2943 meritorum
1037 2882 1273 2950 Christi,
1319 2883 1555 2957 quando
1587 2882 1643 2939 ei
1687 2881 2000 2956 placuerit,
2049 2881 2313 2940 conferet
2342 2882 2595 2958 gratiam
2627 2883 2954 2941 vocationis
2986 2880 3059 2940 ad
3092 2879 3276 2937 fidem.

655 2972 779 3030 Hoc
809 2973 872 3031 in
905 2990 1087 3031 sensu
1117 2971 1274 3029 illud
1305 2971 1728 3029 intellexerunt
1754 2969 2019 3047 theologi
2052 2970 2299 3045 plurimi
2331 2971 2562 3030 scholae
2595 2972 2958 3030 vetustiores
2989 2972 3051 3028 et
3079 2985 3272 3026 recen-

653 3061 867 3129 tiores;
916 3061 1023 3119 hoc
1055 3077 1233 3118 sensu
1263 3059 1517 3118 maxime
1548 3059 1826 3118 convenit
1856 3058 2114 3118 bonitati
2147 3059 2269 3130 Dei,
2304 3062 2404 3136 qui
2433 3079 2627 3119 omnes
2655 3060 2918 3119 homines
2948 3061 3064 3118 vult
3097 3057 3276 3115 salvos

654 3151 784 3224 fieri
828 3156 879 3207 et
920 3151 1001 3208 ad
1046 3150 1392 3225 aynitionem
1430 3150 1690 3206 veritatis
1720 3149 1910 3206 venire
1942 3144 2027 3229 (1.
2060 3148 2204 3206 Tim.
2243 3158 2297 3218 2,
2335 3143 2433 3231 4):
2481 3149 2592 3208 hoc
2635 3168 2817 3208 sensu
2861 3150 3021 3209 vitat
3064 3148 3276 3205 incom-

655 3238 829 3296 moda
861 3238 1029 3296 illius
1065 3238 1409 3307 sententiae,
1444 3256 1595 3313 quae
1626 3239 1835 3295 tuetur
1865 3238 1984 3311 jam
2014 3240 2152 3296 ante
2179 3237 2544 3296 vocationem
2578 3239 2652 3296 ad
2684 3238 2860 3297 fidem
2879 3238 3011 3297 dari
3035 3232 3276 3294 infideli-

657 3326 769 3384 bus
802 3327 1052 3405 gratiam
1074 3326 1403 3385 secundum
1425 3326 1823 3385 substantiam
1847 3327 2361 3403 supernaturalem
2392 3326 2644 3402 ideoque
2678 3330 2738 3386 et
2768 3330 2941 3386 actus
2976 3327 3276 3388 salutares,

658 3416 709 3475 si
751 3434 820 3474 ea
863 3419 1141 3486 utuntur,
1191 3434 1326 3473 cum
1358 3417 1560 3474 tam'en
1590 3414 1735 3474 fides
1768 3416 1848 3473 sit
1877 3414 2064 3482 radix,
2111 3415 2354 3473 initium
2386 3417 2449 3473 et
2478 3415 2936 3475 fundamentum
2974 3413 3185 3474 salutis
3216 3412 3274 3467 et

658 3506 850 3563 omnis
874 3504 1342 3580 justificationis.
1409 3504 1490 3563 cf.
1523 3504 1845 3563 Thomas
1884 3515 1938 3567 2.
1958 3504 2099 3572 dist.
2126 3512 2205 3567 28
2241 3523 2298 3579 q.
2338 3516 2363 3566 1
2407 3524 2457 3564 a.
2495 3515 2530 3566 4
2563 3504 2637 3562 ad
2674 3516 2744 3576 43
2785 3517 2838 3568 1.
2864 3514 2919 3567 2.
2953 3525 3007 3581 q.
3035 3513 3115 3567 89
3137 3522 3185 3562 a.
3208 3508 3268 3567 63

658 3593 938 3652 Suarez
969 3593 1067 3664 IV,
1108 3603 1204 3656 15.

836 3696 903 3762 3.
936 3700 1072 3758 Non
1106 3699 1278 3775 sequi
1321 3719 1389 3758 ex
1428 3699 1538 3758 hoc
1568 3700 1876 3769 axiomate,
1925 3701 2113 3758 Deum
2162 3700 2234 3758 ad
2283 3699 2536 3757 dandam
2568 3718 2736 3758 suam
2768 3701 3023 3777 gratiam
3056 3711 3277 3770 semper

658 3793 1012 3865 exspectare,
1060 3791 1133 3846 ut
1176 3789 1351 3847 homo
1396 3787 1574 3847 faciat
1603 3789 1763 3865 quod
1797 3792 1890 3847 est
1919 3789 1985 3846 in
2017 3807 2097 3850 se.
2164 3788 2517 3862 Saepissime
2549 3789 2708 3847 enim
2739 3789 2897 3848 Deus
2927 3788 3274 3864 peccatores,

659 3878 765 3953 qui
809 3897 930 3937 non
976 3877 1165 3936 solum
1213 3895 1333 3936 non
1378 3878 1608 3935 faciunt
1654 3877 1812 3953 quod
1860 3880 1951 3936 est
1996 3877 2060 3935 in
2112 3895 2190 3947 se,
2244 3877 2347 3936 sed
2397 3881 2634 3952 peccata
2665 3877 2922 3954 peccatis
2955 3872 3273 3938 cumulant,

657 3967 955 4025 uberrime
987 3965 1300 4041 praevenit
1327 3965 1522 4043 gratia
1554 3984 1677 4024 sua.

841 4092 940 4156 72.
976 4087 1499 4157 corollarium.
1566 4086 1687 4150 Dei
1731 4088 1801 4149 in
1842 4088 2096 4169 qratiae
2127 4085 2562 4150 distributione
2609 4086 2971 4150 dominium.
3003 4123 3092 4134 —-
3123 4080 3274 4146 Cum

660 4212 810 4274 ergo
843 4194 1050 4274 gratia
1082 4195 1277 4274 gratis
1308 4192 1693 4271 conferatur,
1741 4211 1865 4258 nec
1915 4191 2025 4256 ulli
2056 4199 2392 4258 creaturae
2424 4191 2508 4256 sit
2540 4192 2790 4256 debita:
2834 4192 3048 4274 liquet,
3081 4189 3276 4253 Deum

659 4320 802 4366 esse
834 4301 1096 4365 omnino
1130 4301 1197 4364 in
1228 4301 1574 4381 gratiarum
1607 4300 2053 4365 distributione
2097 4299 2511 4374 liberrimum,
2557 4299 2830 4381 ideoque
2878 4299 3123 4380 absque
3154 4291 3275 4356 ulla

658 4407 971 4489 injustitia
1001 4407 1102 4471 vel
1135 4406 1531 4489 acceptionis
1561 4425 1985 4489 personarum
2030 4407 2185 4471 vitio
2231 4425 2423 4489 posse
2467 4406 2642 4469 illam
2681 4406 3003 4489 inaequali
3033 4402 3274 4468 ratione

661 4532 779 4596 pro
814 4533 934 4578 suo
967 4513 1372 4595 beneplacito
1405 4515 1804 4593 distribuere,
1851 4514 2012 4578 alios
2057 4514 2158 4578 vel
2204 4513 2287 4578 ab
2333 4519 2517 4578 utero
2564 4513 2787 4577 matris
2820 4514 3060 4594 gratiae
3090 4507 3273 4572 uber-

662 4627 795 4686 tate
830 4627 895 4686 et
926 4620 1478 4686 benedictionibus
1512 4621 1864 4687 dulcedinis
1894 4620 2389 4703 praeveniendO,
2421 4621 2559 4684 aliis
2580 4620 2853 4702 gratiam
2871 4610 3272 4683 concedendo

659 4728 850 4809 longe
901 4727 1114 4791 minus
1163 4728 1444 4792 uberem.
1507 4728 1577 4792 In
1625 4729 1750 4792 hoc
1797 4729 1912 4793 Dei
1961 4728 2244 4792 dominio
2297 4727 2659 4793 extollendo
2709 4733 2886 4791 totus
2934 4722 3273 4808 praeeunte
