3538 5364
909 277 1107 332 Thesis
1136 276 1420 333 CCXXXI.
1448 277 1528 331 De
1561 277 1940 332 eucharistiae
1969 276 2319 331 necessitate.
2795 285 2930 349 373

304 481 504 543 saepe
553 462 718 525 inter
766 458 1195 524 eucharistiae
1246 458 1490 523 fructus
1539 466 1881 524 recensent
1933 457 2033 543 (cs.
2081 478 2139 521 n.
2176 463 2322 527 348.
2359 463 2506 527 349.
2540 462 2686 528 354.
2721 459 2932 546 355⁶).

308 568 504 650 Cujus
537 569 854 633 rationem
887 568 975 631 ita
1007 566 1063 631 V
1082 585 1386 648 asquez
1417 565 1624 631 reddit
1657 565 1817 647 disp.
1852 569 1984 635 204
2022 583 2073 629 c.
2108 570 2180 635 5:
2243 566 2339 630 Ex
2370 566 2511 631 sola
2539 565 2647 629 illa
2678 566 2930 643 unione,

311 693 507 758 quam
540 673 957 755 explicuimus
992 674 1078 759 (n.
1111 674 1325 759 3334),
1370 691 1633 738 carnem
1666 679 1958 736 nostram
1991 672 2233 738 habere
2281 692 2473 755 posse
2504 671 2731 754 pignus
2762 672 2933 738 vitae

311 781 691 846 immortalis
725 788 791 845 et
823 781 905 845 ad
940 799 1084 846 eam
1115 780 1486 862 praeparari
1518 785 1727 861 patet:
1781 778 1933 861 quia
1965 779 2019 843 si
2050 779 2285 845 virtute
2330 779 2495 844 illius
2525 779 2595 844 iit
2626 798 2756 843 una
2785 797 2930 843 cum

311 907 506 954 carne
540 886 789 962 Christi,
823 894 887 952 et
920 905 1110 952 nemo
1144 904 1431 969 unquam
1463 904 1725 950 carnem
1758 904 1946 950 suam
1981 885 2129 950 odio
2163 885 2408 962 habuit,
2454 892 2526 950 ut
2555 886 2715 950 dixit
2755 885 2933 967 Apo-

312 995 516 1059 stolus
547 994 632 1059 ad
662 993 814 1075 Eph.
848 1000 908 1070 5,
943 999 1045 1067 29,
1080 1001 1143 1059 et
1177 994 1467 1057 Lhristus
1516 994 1581 1057 in
1631 1011 1828 1058 carne
1878 993 2139 1075 propria
2187 1011 2526 1074 resurgens
2557 1012 2636 1058 ex
2667 993 2934 1057 mortuis

307 1103 443 1183 Jam
475 1121 607 1165 non
637 1102 939 1165 moritur:
973 1102 1113 1183 quis
1145 1101 1393 1165 dubitet
1426 1100 1577 1178 fore,
1611 1108 1682 1165 ut
1713 1106 1778 1164 et
1821 1107 2045 1165 nostra
2075 1118 2228 1165 caro
2262 1120 2410 1165 cum
2444 1118 2522 1166 eo
2554 1100 2782 1164 eadem
2812 1100 2933 1164 im-

313 1208 708 1273 mortalitate
739 1207 1152 1288 perficiatur‘?
1203 1207 1383 1271 Hanc
1418 1215 1635 1272 autem
1668 1206 2236 1289 praeparationem
2269 1208 2481 1271 carnis
2511 1213 2772 1272 nostrae
2802 1225 2934 1272 non

313 1316 451 1380 fieri
481 1334 595 1397 per
626 1315 1002 1397 qualitatem
1035 1315 1316 1396 aliquam
1348 1314 1412 1379 in
1449 1332 1594 1379 eam
1617 1315 1996 1391 derivatam,
2021 1314 2137 1379 sed
2157 1314 2364 1378 solum
2386 1332 2500 1395 spe
2519 1321 2718 1392 certa,
2739 1333 2934 1397 quam

317 1442 395 1487 ex
431 1423 762 1504 praedicta
793 1422 1032 1486 unione
1084 1421 1426 1502 concipere
1458 1440 1826 1503 possumus,
1877 1421 2118 1485 indicat
2150 1421 2541 1486 Irenaeus
2573 1421 2694 1485 illis
2727 1420 2937 1485 verbis

316 1529 444 1615 (IV,
488 1530 626 1615 18):
668 1526 811 1603 ‚Sic
846 1535 912 1594 et
945 1547 1224 1611 corpora
1257 1536 1481 1594 nostra
1511 1528 1931 1610 percipientia
1962 1528 2413 1593 eucharistiam
2444 1546 2577 1592 non
2610 1534 2760 1592 sunt
2791 1546 2936 1592 cor-

320 1635 646 1718 ruptibilia
675 1655 854 1717 spem
888 1636 1371 1701 resurrectionis
1402 1635 1764 1700 habentia<
1835 1634 2051 1715 Quare
2103 1634 2489 1699 eucharistia
2537 1653 2777 1698 novum
2825 1634 2939 1699 dat

314 1744 420 1825 jus
455 1742 536 1806 ad
568 1743 912 1823 gloriosam
944 1743 1480 1806 resurrectionem
1532 1743 1696 1807 adeo
1743 1741 1986 1818 efficaX,
2033 1748 2104 1806 ut
2151 1742 2204 1805 si
2237 1742 2529 1807 homines
2558 1759 2692 1805 non
2724 1748 2939 1806 essent

320 1852 383 1913 vi
413 1849 568 1930 legis
598 1849 975 1914 universalis
1009 1850 1448 1924 resurrecturi,
1483 1850 1906 1913 resuscitandi
1939 1848 2149 1913 forent
2181 1855 2355 1914 certe
2387 1850 2446 1926 ii,
2491 1849 2599 1932 qui
2644 1850 2746 1930 pie
2792 1868 2937 1914 sus-

321 1956 613 2037 ceperint
642 1957 1193 2020 communionem:
1240 1962 1305 2021 et
1350 1956 1578 2019 intuitu
1625 1957 1814 2038 hujus
1860 1956 2024 2020 tituli
2070 1962 2134 2020 et
2159 1956 2319 2038 ,iuris
2367 1955 2677 2037 speciales
2708 1974 2938 2022 conse·

323 2069 608 2145 quuntur
637 2061 897 2142 gratiaS,
929 2069 999 2126 ut
1032 2062 1111 2126 ad
1147 2061 1321 2125 illam
1353 2080 1580 2126 secure
1611 2062 1990 2143 perveniant
2007 2063 2072 2147 ¹).

504 2191 652 2255 391.
685 2186 941 2254 'rhesis
976 2184 1364 2255 GCXXXI.
1420 2209 1757 2275 Quamvis
1804 2208 2024 2261 realia
2070 2209 2423 2273 perceptio
2472 2208 2939 2261 eucharistiae

328 2311 472 2351 non
510 2299 602 2351 sit
636 2299 946 2352 absolute
965 2299 1061 2351 ad
1084 2298 1384 2351 salutem
1410 2300 1809 2351 necessaria
1827 2314 1850 2350 .·
1883 2297 2256 2351 moraliter
2280 2300 2519 2350 tamen
2541 2298 2941 2350 necessaria

323 2389 467 2441 (lici
500 2390 725 2451 potest
761 2389 859 2442 ad
889 2388 1497 2453 perseverandum
1537 2387 1617 2439 in
1653 2389 1895 2453 aratia
1928 2401 2064 2453 per
2099 2386 2379 2452 lanatus
2416 2388 2711 2452 tempus.

508 2508 1054 2577 Demonstratio
1089 2529 1156 2594 p.
1190 2509 1253 2575 1.
1318 2506 1446 2570 Etsi
1480 2507 1643 2571 adeo
1677 2513 2085 2588 praestantes
2117 2513 2268 2572 sunt
2298 2505 2720 2571 eucharistiae
2753 2507 2942 2572 effec-

328 2622 455 2691 tu5,
488 2613 613 2677 dici
646 2632 726 2677 ea
757 2622 974 2680 tamen
1023 2614 1249 2698 nequit
1300 2614 1687 2679 absolute
1737 2613 2110 2679 necessaria
2156 2613 2238 2677 ad
2285 2613 2578 2692 salutem,
2610 2613 2781 2696 quod
2813 2613 2943 2677 sal-

333 2728 465 2785 tem
500 2722 716 2804 quoad
748 2721 1025 2787 infantes
1058 2729 1155 2787 est
1188 2723 1266 2786 de
1299 2722 1438 2798 fide,
1472 2728 1542 2785 ut
1572 2728 1751 2802 patet
1784 2741 1862 2787 ex
1895 2721 2147 2785 concilii
2192 2720 2374 2786 trid.
2422 2740 2578 2786 5555.
2613 2727 2693 2789 21
2731 2739 2869 2802 cap.
2901 2726 2945 2788 4

334 2835 401 2892 et
433 2846 573 2891 can.
608 2834 683 2894 4:
725 2826 830 2903 ,Si
861 2830 1003 2911 quis
1037 2828 1283 2904 dixerit,
1316 2828 1598 2910 parvulis
1632 2833 1984 2910 antequam
2018 2827 2101 2891 ad
2135 2846 2340 2891 annos
2373 2826 2779 2892 discretionis
2799 2846 2945 2909 per-

331 2935 645 3012 venerint,
692 2935 1127 3001 necessariam
1172 2954 1313 3000 esse
1361 2934 1793 3000 eucharistiae
1826 2935 2363 3012 communionem,
2393 2934 2468 2998 A.
2501 2931 2600 2997 S.‹
2669 2934 2747 2998 Et
2790 2952 2947 2999 sane

331 3048 604 3107 eatenus
638 3043 1029 3108 eucharistia
1061 3048 1232 3106 esset
1265 3042 1562 3107 absolute
1594 3041 1965 3106 necessaria
1995 3041 2078 3104 ad
2110 3041 2403 3118 salutem,
2442 3048 2758 3123 quatenus
2777 3047 2949 3105 esset

333 3148 618 3213 medium
651 3149 945 3214 absolute
976 3149 1416 3214 necessarium
1466 3147 1568 3213 vel
1616 3148 1699 3212 ad
1748 3149 2028 3230 primam
2079 3148 2351 3228 gratiam
2402 3147 2818 3213 obtinendam
2847 3148 2950 3212 vel

336 3254 421 3318 ad
454 3257 992 3336 perseverandum
1040 3257 1105 3319 in
1151 3274 1246 3320 ea.
1311 3256 1503 3338 Atqui
1553 3261 1851 3320 neutrum
1903 3254 2222 3318 affirmare
2272 3254 2449 3318 licet:
2499 3273 2628 3318 non
2660 3254 2831 3331 illud,
2879 3261 2953 3319 ut

334 3366 514 3441 patet
546 3378 627 3425 ex
659 3362 822 3425 thesi
855 3361 1302 3442 praecedenti;
1352 3379 1484 3424 non
1519 3361 1811 3435 alterum,
1846 3368 1917 3425 ut
1947 3365 2127 3441 patet
2158 3379 2238 3425 ex
2270 3359 2636 3438 infantibuS,
2669 3362 2777 3444 qui
2807 3369 2954 3443 post

335 3467 728 3548 baptismum
762 3474 913 3533 ante
962 3474 1330 3550 perceptam
1377 3468 1836 3532 eucharistiam
1883 3466 2261 3544 moriuntur,
2308 3467 2388 3532 de
2432 3486 2703 3550 quorum
2747 3468 2954 3534 salute

337 3592 672 3657 nunquam
701 3575 817 3640 fuit
849 3575 1278 3656 desperatum,
1325 3575 1490 3639 sicut
1536 3593 1746 3656 neque
1792 3575 1872 3639 de
1919 3573 2126 3639 salute
2157 3572 2543 3652 adultorum,
2593 3576 2701 3657 qui
2733 3593 2881 3640 mox
2913 3593 2955 3639 a

336 3681 661 3762 baptismo
694 3682 1027 3746 decedunt„
1089 3682 1280 3745 Ratio
1328 3689 1443 3757 est,
1488 3682 1639 3764 quia
1671 3682 1810 3745 solo
1844 3688 2114 3763 peccato
2160 3681 2337 3761 gravi
2368 3680 2719 3746 excidimus
2752 3682 2958 3761 gratia

341 3796 405 3853 et
438 3788 676 3864 salute;
712 3789 886 3871 atqui
908 3787 1185 3853 infantes
1208 3787 1512 3869 baptizati
1532 3794 1756 3853 carent
1777 3788 1953 3851 omni
1972 3794 2273 3869 peccat03
2309 3787 2506 3852 adulti
2525 3806 2697 3864 vero,
2725 3788 2955 3852 saltem

337 3914 454 3978 per
488 3901 738 3977 tempus
772 3896 1030 3979 aliquod
1062 3895 1199 3960 sine
1231 3896 1353 3959 hoc
1385 3902 1796 3960 sacramento
1843 3901 1994 3958 actu
2040 3902 2342 3977 suscepto
2392 3902 2731 3977 peccatum
2764 3913 2957 3976 grave

339 4002 545 4066 vitare
577 4011 863 4083 possunt.
926 4002 1071 4067 Non
1103 4010 1202 4068 est
1233 4021 1384 4083 ergo
1418 4003 1573 4066 illud
1604 4003 1688 4065 ad
1720 4002 1998 4071 salutem
2031 4002 2324 4068 absolute
2356 4003 2806 4069 necessarium.

524 4140 668 4195 392.
702 4133 857 4192 Hinc
887 4134 1199 4209 reprobata
1229 4132 1345 4192 fuit
1376 4152 1544 4209 prop.
1582 4143 1652 4195 31
1696 4129 2090 4191 Rosmini:¹
2127 4132 2461 4201 ,Quoniam
2507 4134 2610 4208 qui
2644 4150 2763 4191 non
2795 4153 2959 4192 man-

342 4220 522 4279 ducat
551 4239 783 4280 carnem
820 4222 958 4280 Filii
992 4223 1244 4281 hominis
1292 4226 1353 4281 et
1395 4222 1554 4280 bibit
1585 4223 1715 4297 ejus
1748 4222 2118 4299 sanguinem,
2168 4240 2290 4280 non
2336 4223 2516 4281 habet
2557 4222 2740 4281 vitam
2786 4222 2850 4280 in
2897 4241 2961 4281 55

347 4307 467 4388 (Jo.
502 4319 558 4381 6,
596 4306 737 4393 54);
784 4316 845 4369 et
890 4311 1286 4370 nihilominus
1331 4312 1436 4386 qui
1483 4311 1826 4369 moriuntur
1857 4329 1991 4370 cum
2021 4311 2377 4387 baptismate
2409 4330 2612 4386 aquae,
2657 4311 2962 4388 sanguinis

345 4400 449 4456 aut
481 4398 757 4458 desiderii
779 4404 939 4458 certo
962 4403 1412 4476 consequuntur
1431 4401 1614 4459 vitam
1637 4404 1968 4459 aeternam:
2004 4399 2320 4458 dicendum
2354 4403 2447 4460 est
2478 4400 2589 4471 his,
2624 4400 2729 4477 qui
2761 4402 2825 4460 in
2857 4401 2965 4459 hac

566 4591 601 4650 ¹)
630 4585 891 4641 Ceterum
920 4588 1043 4641 fuse
1071 4588 1140 4641 dc
1169 4586 1547 4642 eucharistiae
1568 4587 1867 4642 effectibus
1894 4587 2156 4658 disputat
2182 4587 2233 4641 H
2252 4605 2280 4643 5
2297 4588 2390 4643 im
2408 4589 2443 4642 b
2458 4605 2492 4641 a
2508 4606 2537 4643 c
2553 4588 2592 4641 h
2610 4606 2639 4643 e
2657 4607 2684 4641 r
2708 4589 2799 4642 die
2821 4587 2968 4642 Wir-

348 4665 585 4735 kungen
611 4665 713 4720 der
738 4666 811 4720 hl.
844 4666 1242 4731 Communion,
1271 4666 1643 4736 Regensburg
1676 4672 1842 4726 1884:
1885 4666 1927 4718 B
1945 4683 1973 4720 e
1990 4666 2108 4721 hri
2125 4685 2163 4720 n
2179 4688 2217 4738 g
2233 4684 2262 4721 e
2281 4687 2322 4732 r,
2349 4667 2455 4721 Die
2483 4668 2564 4724 hl.
2590 4667 2966 4722 Communion

346 4745 411 4797 in
439 4743 607 4798 ihren
633 4744 996 4816 Wirkungen
1026 4747 1145 4800 und
1172 4747 1327 4800 ihrer
1354 4745 1987 4817 Heilsnotwendigkeit,
2018 4747 2391 4818 Regensburg
2423 4755 2577 4806 1898.
