3538 5364
592 236 678 302 48
1166 227 1349 281 Tract.
1376 228 1524 282 vm.
1553 227 1622 281 de
1647 228 1855 298 gratia.
1883 227 2082 282 Thesis
2109 227 2447 283 CLXXXIV.
2475 228 2643 283 Fides

775 413 878 478 54.
924 409 1184 478 'rhesis
1216 407 1677 477 CLXXXIV·
1734 430 1991 483 Error-i
2026 430 2279 498 rejecto
2316 432 2727 486 nullatemus
2771 432 3226 499 suffraqatur

593 521 953 587 apostolus
992 522 1262 575 Paulus
1296 522 1500 575 Rom.
1538 519 1648 584 14,
1682 519 1821 586 23,-
1870 521 1969 575 ad
2011 520 2139 574 m.
2177 518 2238 586 1,
2273 521 2405 586 15,-
2455 521 2673 575 Hebr.
2710 521 2815 589 11,
2852 524 2941 588 6,·
2991 535 3223 587 neque

591 608 1034 675 Auqustinus
1066 610 1336 674 passim
1371 610 1810 674 affirmando
1847 621 2066 673 opera
2103 610 2500 673 infidelium
2538 624 2684 665 esse
2715 616 3037 678 peccata.

767 711 1317 780 Demonstrati«)
1350 733 1422 798 p.
1457 713 1516 781 Ι.
1578 710 1673 774 Ex
1704 731 1752 774 s,
1788 708 2118 793 Scriptura
2148 711 2216 774 in
2245 711 2467 793 primis
2500 713 2743 795 opponi
2772 714 3018 780 solent:

774 819 834 886 l.
867 818 1050 883 Rom.
1093 824 1191 896 14,
1226 822 1343 889 23:
1416 820 1609 884 Omne
1638 819 1803 905 quod
1833 839 1958 883 non
1990 825 2078 881 est
2109 840 2181 883 ea:
2206 820 2354 901 fide,
2379 827 2703 903 peccatum
2749 828 2850 888 est.
2913 820 3019 885 Ad
3054 839 3224 903 quae

594 926 1076 1008 respondemuS,
1109 925 1380 991 Paulum
1411 927 1673 992 nomine
1704 925 1908 990 fidei
1953 925 2058 989 hic
2088 925 2441 1007 intelligere
2473 946 2604 991 non
2636 934 2770 992 tam
2801 927 2998 994 fidem
3031 928 3222 993 theo-

592 1034 874 1111 reticam,
907 1051 1101 1117 quam
1134 1034 1611 1115 practicam,
1655 1051 1823 1116 quae
1854 1050 1925 1097 se
1957 1031 2394 1097 conscientiae
2425 1033 2638 1114 prodit
2685 1034 3057 1112 dictamine,
3092 1053 3223 1116 quo

592 1160 785 1205 sensu
816 1140 1098 1222 theologi
1128 1141 1368 1222 passim
1399 1141 1749 1222 loquuntur
1781 1139 1861 1204 de
1892 1139 2070 1203 bona
2097 1139 2200 1205 vel
2231 1140 2404 1204 mala
2434 1140 2575 1217 fide,
2626 1160 2756 1224 qua
2804 1141 2950 1224 quis
2983 1159 3223 1223 opera-

591 1254 696 1312 tur
734 1247 835 1312 vel
865 1266 1003 1312 rem
1034 1248 1336 1328 possidet.
1369 1246 1554 1322 Nam,
1585 1253 1659 1311 ut
1687 1246 1855 1311 bene
1887 1251 2073 1310 notat
2104 1244 2170 1310 P.
2204 1246 2705 1312 Lombardus
2736 1248 2803 1311 in
2833 1248 2893 1311 h.
2913 1248 2973 1325 l.,
3018 1247 3216 1323 ,fides

592 1361 816 1418 nostra
847 1354 998 1431 vult,
1030 1360 1103 1418 ut
1131 1354 1328 1417 homo
1362 1360 1513 1434 agat
1543 1353 1686 1429 hoc,
1719 1352 1892 1435 quod
1923 1353 2089 1419 bene
2120 1354 2410 1434 intelligit
2441 1372 2583 1420 esse
2616 1354 2954 1435 agendum,
2979 1359 3047 1419 et
3065 1371 3219 1437 pecf

591 1467 808 1525 catum
841 1467 956 1538 est,
988 1461 1162 1544 quod
1194 1461 1377 1524 aliter
1405 1460 1493 1537 fit,
1526 1477 1722 1542 quam
1752 1459 2098 1541 probatum
2131 1467 2282 1525 est!
2351 1460 2547 1543 Atqui
2596 1468 2843 1527 certum
2877 1467 2997 1537 est,
3032 1460 3222 1543 quid-

591 1568 743 1650 quid
791 1567 861 1631 fit
908 1575 1204 1631 contra
1251 1566 1737 1650 persuasionem
1787 1567 2144 1648 practicam
2194 1567 2630 1633 conscientiae
2679 1572 3025 1649 peccatum
3059 1585 3222 1633 esse.

590 1675 842 1739 Revera
873 1680 1092 1740 autem
1123 1674 1297 1756 loqui
1327 1672 1598 1738 Paulum
1630 1671 1711 1737 de
1742 1672 1868 1738 fide
1899 1673 2290 1753 practica,
2338 1690 2506 1755 quae
2538 1675 2979 1739 conscientiae
3013 1674 3221 1753 dicta÷

592 1781 764 1846 mine
798 1799 868 1845 se
900 1780 1128 1862 prodit,
1160 1781 1318 1845 satis
1350 1787 1530 1863 patet
1561 1799 1642 1845 ex
1672 1779 1965 1862 subJecta
1995 1780 2267 1845 materia
2299 1786 2364 1844 et
2393 1797 2550 1844 casu
2578 1782 2887 1863 practicO,
2911 1801 3112 1864 quem
3131 1783 3220 1847 ibi

594 1887 847 1964 dirimit,
881 1906 963 1954 ex
993 1908 1051 1951 v.
1084 1892 1126 1955 2
1161 1895 1225 1952 et
1256 1905 1338 1951 ex
1368 1888 1512 1952 loco
1545 1885 1853 1969 parallelo
1893 1891 1947 1954 1.
1981 1883 2123 1950 Cor.
2159 1891 2217 1962 8,
2255 1893 2357 1963 11,
2389 1885 2499 1950 ubi
2531 1887 2804 1953 eundem
2837 1889 3219 1971 expendens

592 2014 818 2058 casum
849 2001 947 2059 ter
977 1993 1296 2059 rationem
1327 1994 1579 2075 peccati
1610 1994 1757 2058 inde
1789 1993 2040 2076 repetit,
2087 1994 2260 2076 quod
2307 1992 2449 2077 quis
2494 2000 2723 2058 contra
2770 1995 3217 2063 conscientiae

593 2102 913 2167 dictamen
944 2100 1291 2165 manducet
1334 2100 1711 2183 idolothyta.
1762 2101 1857 2165 Ita
1886 2121 1943 2165 v.
1981 2108 2049 2169 7:
2114 2102 2392 2180 Quidam
2424 2108 2633 2167 autem
2663 2123 2800 2166 cum
2833 2105 3216 2170 conscientia

591 2229 783 2292 usque
812 2229 979 2272 nuno
1007 2209 1181 2291 idoli,
1201 2209 1385 2293 quasi
1402 2207 1804 2293 idolothytum
1823 2209 2232 2291 manducant,
2265 2215 2323 2271 et
2355 2210 2728 2273 conscientia
2749 2211 3057 2296 ipsorum,
3077 2232 3220 2275 cum

590 2316 671 2379 sit
700 2315 978 2397 infirma,
1000 2314 1330 2398 polluitur.
1393 2313 1479 2379 Cf.
1513 2312 1558 2378 S
1581 2315 1777 2379 chee
1797 2314 1838 2378 b
1858 2332 1953 2378 en
1984 2315 2020 2377 l.
2053 2313 2136 2377 VI
2169 2334 2227 2377 n.
2262 2319 2394 2384 514
2424 2335 2506 2378 ss,

768 2442 833 2508 2.
868 2440 985 2504 Tit.
1024 2446 1079 2517 1,
1118 2445 1228 2510 15:
1261 2440 1491 2505 Omnia
1522 2440 1762 2503 munda
1794 2442 2070 2514 mundae,
2101 2442 2521 2524 coinquinatis
2556 2449 2761 2505 autem
2782 2449 2836 2504 et
2855 2441 3219 2524 infidelibus

590 2546 747 2611 nihil
776 2553 863 2611 est
893 2548 1213 2614 mundum.
1247 2547 1357 2610 His
1388 2546 1570 2610 Pauli
1600 2546 1814 2610 verbis
1843 2546 2030 2610 simili
2062 2545 2257 2610 modo
2289 2545 2770 2628 respondemus.
2823 2545 3016 2627 Quod
3048 2550 3103 2612 si
3137 2566 3216 2614 ea

589 2673 837 2736 urgeaS,
870 2654 1055 2720 facile
1084 2654 1442 2736 retorqueri
1473 2658 1757 2734 possunt.
1822 2650 2212 2736 Sequeretur
2261 2652 2449 2730 enim,
2492 2653 2704 2735 justos
2753 2672 3033 2736 peccare
3085 2674 3217 2720 non

590 2782 797 2845 posse,
831 2782 978 2827 cum
1008 2762 1179 2842 ipsis,
1212 2765 1436 2841 utpote
1469 2759 1741 2835 mundiS,
1775 2761 1992 2824 omnia
2022 2761 2151 2825 sint
2182 2760 2437 2824 munda.
2501 2759 2803 2825 Ceterum
2835 2780 2970 2826 non
3003 2763 3213 2846 loqui-

590 2878 696 2936 tur
726 2868 963 2934 Paulus
995 2868 1076 2932 de
1108 2865 1467 2930 infidelibus
1500 2867 1871 2946 generatim,
1905 2868 2020 2933 sed
2052 2867 2133 2933 de
2165 2867 2448 2950 quadam
2479 2868 2711 2950 specie,
2742 2885 2858 2933 seu
2879 2870 3114 2934 melius
3134 2869 3214 2933 de

589 2977 855 3041 infirmis
887 2977 953 3040 in
984 2974 1108 3039 fide
1141 2980 1205 3039 et
1228 2973 1720 3055 judaizantibus
1773 2975 1880 3056 qui
1931 2981 2144 3039 certos
2195 2974 2374 3039 cibos
2424 2976 2814 3058 reputabant
2842 2975 3214 3041 immundos

589 3103 704 3165 per
733 3102 804 3148 se
836 3082 938 3147 vel
969 3081 1155 3163 quasi
1185 3081 1289 3144 lex
1321 3082 1612 3145 mosaica
1641 3081 1853 3146 adhuc
1886 3080 2213 3163 obligaret.
2261 3080 2464 3147 Porro
2497 3082 2596 3146 his
2627 3089 2893 3165 propter
2925 3101 3212 3148 errorem

590 3197 656 3255 et
686 3188 1206 3270 superstitionem
1238 3189 1456 3254 omnia
1488 3191 1553 3253 in
1585 3207 1664 3253 ea
1694 3191 1968 3255 materia
1999 3190 2355 3256 redduntur
2385 3189 2717 3255 immunda
2734 3191 2796 3277 ¹).

767 3296 833 3365 3.
866 3295 1054 3359 Hebr.
1094 3301 1193 3372 11,
1227 3303 1301 3366 6:
1332 3297 1482 3362 Sine
1509 3297 1635 3379 fide
1665 3297 2039 3381 impossibile
2069 3305 2155 3361 est
2179 3299 2436 3381 placere
2466 3297 2619 3362 Deo.
2684 3294 2812 3362 Sed
2842 3296 2949 3360 hic
2982 3296 3208 3361 distin-

589 3403 696 3483 gui
726 3402 919 3468 debet
949 3402 1115 3468 inter
1163 3421 1605 3485 personam
1656 3410 1722 3469 et
1771 3404 1908 3486 ejus
1960 3423 2179 3486 opuS.
2243 3403 2548 3487 Displicet
2597 3404 2727 3468 scil.
2762 3402 2896 3469 Deo
2930 3421 3213 3486 persona

588 3516 849 3592 propter
892 3509 1219 3574 habituale
1264 3516 1602 3591 peccatum
1649 3516 1713 3574 et
1761 3509 2203 3575 infidelitatem
2254 3511 2421 3592 ejus:
2469 3529 2631 3593 opus
2680 3515 2901 3574 tamen
2950 3510 3208 3593 placere

588 3622 817 3697 potest,
850 3635 983 3681 non
1014 3617 1273 3698 quidem
1303 3618 1368 3680 in
1402 3616 1626 3681 ordine
1660 3616 1743 3680 ad
1774 3617 2134 3698 praemium
2156 3623 2508 3696 aeternum,
2538 3617 2651 3684 sed
2684 3617 2768 3681 ad
2798 3615 3213 3699 impetranda

590 3724 717 3787 alia
746 3723 1073 3788 beneficia.
1138 3724 1305 3789 Fieri
1336 3724 1566 3789 deinde
1597 3730 1828 3806 potest,
1862 3730 1934 3787 ut
1966 3742 2128 3805 opus
2159 3742 2292 3789 non
2321 3725 2575 3806 placeat
2604 3723 2739 3788 Deo
2772 3724 2838 3787 in
2870 3723 3096 3787 ordine
3127 3721 3210 3786 ad

589 3829 880 3907 salutem,
913 3831 1066 3914 quin
1097 3837 1317 3895 tamen
1350 3831 1579 3896 exinde
1623 3836 1950 3912 sequatur,
1995 3830 2147 3894 illud
2195 3831 2391 3895 etiam
2440 3831 2564 3895 alio
2610 3831 2675 3895 in
2722 3830 2964 3906 ordine,
2998 3829 3208 3894 ethico

588 3937 847 4015 scilicet,
870 3955 1012 4002 esse
1032 3938 1292 4015 malum,
1324 3955 1439 4001 seu
1460 3937 1754 4002 absolute
1788 3955 1928 4002 esse
1948 3943 2304 4019 peccatum,
2339 3937 2510 4020 quod
2530 3939 2823 4020 operanti
2841 3938 3205 4019 imputetur.

772 4077 868 4129 55.
901 4063 1322 4132 Declamatio
1353 4083 1421 4147 p.
1452 4063 1554 4130 ῙῙ.
1619 4067 1755 4126 Non
1788 4067 2118 4126 diffitemur
2148 4087 2391 4145 gravem
2423 4086 2549 4127 esse
2581 4067 3007 4137 difficultatem,
3054 4081 3205 4140 quae

588 4156 817 4232 petitur
833 4176 902 4215 ex
923 4157 1197 4232 pluribus
1217 4156 1577 4215 testimoniis
1610 4175 1656 4216 s,
1675 4157 2091 4232 Augustini.
2123 4158 2215 4215 Ita
2244 4157 2450 4216 scribit
2479 4158 2552 4217 de
2571 4158 2757 4234 gestis
2777 4156 3004 4233 Pelagii
3022 4175 3080 4214 n.
3105 4162 3206 4217 35:

592 4244 1088 4314 ‚Quantumlibet
1135 4262 1315 4321 opera
1362 4245 1693 4305 infidelium
1742 4245 2176 4320 praedicentur,
2226 4246 2492 4322 ejusdem
2541 4246 2794 4323 apostoli
2846 4243 3202 4304 sententiam

811 4445 847 4514 ¹)
875 4441 957 4497 cf.
984 4441 1224 4496 Weiss
1261 4442 1355 4496 die
1380 4442 1789 4497 Schriftstelle:
1829 4443 1985 4497 Alles
2024 4443 2149 4497 rein
2189 4442 2319 4496 dem
2345 4442 2561 4498 Reinen
2588 4445 2712 4507 etc„
2738 4442 3020 4510 Bamberg
3052 4443 3203 4502 1899,

589 4519 693 4589 qui
717 4522 924 4587 censet,
951 4520 1189 4578 Paulum
1235 4521 1389 4576 hisce
1429 4521 1617 4576 verbis
1662 4522 2124 4578 Simonianorum
2170 4539 2485 4594 proponere
2528 4539 2792 4588 errorem,
2836 4521 3046 4591 quibus
3071 4517 3204 4572 dein

590 4601 900 4673 Apostolus
940 4601 1189 4656 occurrit.
1227 4601 1395 4670 quasi
1432 4602 1646 4670 dicens,
1687 4619 1802 4657 non
1843 4605 1929 4657 est
1968 4603 2068 4669 ita,
2107 4608 2198 4658 sed
2239 4609 2551 4674 inquinatae
2588 4613 2711 4658 sunt
2754 4621 2935 4658 eorum
2975 4617 3116 4654 mens
3152 4605 3199 4651 et

588 4686 925 4738 conscientia.
