<?xml version="1.0" encoding="UTF-8"?>
<!DOCTYPE html PUBLIC "-//W3C//DTD XHTML 1.0 Transitional//EN"
    "http://www.w3.org/TR/xhtml1/DTD/xhtml1-transitional.dtd">
<html xmlns="http://www.w3.org/1999/xhtml" xml:lang="en" lang="en">
 <head>
  <title>
</title>
<meta http-equiv="Content-Type" content="text/html;charset=utf-8" />
  <meta name='ocr-system' content='tesseract 3.04.00' />
  <meta name='ocr-capabilities' content='ocr_page ocr_carea ocr_par ocr_line ocrx_word'/>
</head>
<body>
  <div class='ocr_page' id='page_1' title='image "./theologiaedogma00hurtgoog_0226.png"; bbox 0 0 3538 5364; ppageno 0'>
   <div class='ocr_carea' id='block_1_1' title="bbox 578 318 2791 395">
    <p class='ocr_par' dir='ltr' id='par_1_1' title="bbox 578 318 2791 395">
     <span class='ocr_line' id='line_1_1' title="bbox 578 318 2791 395; baseline -0.002 -15"><span class='ocrx_word' id='word_1_1' title='bbox 578 331 708 395; x_wconf 77' lang='lat'>214</span> <span class='ocrx_word' id='word_1_2' title='bbox 999 322 1183 376; x_wconf 85' lang='lat' dir='ltr'>Tract.</span> <span class='ocrx_word' id='word_1_3' title='bbox 1212 323 1303 375; x_wconf 90' lang='lat' dir='ltr'>IX.</span> <span class='ocrx_word' id='word_1_4' title='bbox 1331 322 1400 375; x_wconf 90' lang='lat' dir='ltr'>de</span> <span class='ocrx_word' id='word_1_5' title='bbox 1426 318 1812 375; x_wconf 78' lang='lat' dir='ltr'><strong>sacramentis,</strong></span> <span class='ocrx_word' id='word_1_6' title='bbox 1839 319 2338 374; x_wconf 78' lang='lat' dir='ltr'>sacramentorum</span> <span class='ocrx_word' id='word_1_7' title='bbox 2366 319 2791 375; x_wconf 85' lang='lat' dir='ltr'>convenientia.</span> 
     </span>
    </p>
   </div>
   <div class='ocr_carea' id='block_1_2' title="bbox 572 505 3208 854">
    <p class='ocr_par' dir='ltr' id='par_1_2' title="bbox 572 505 3208 854">
     <span class='ocr_line' id='line_1_2' title="bbox 575 505 3205 585; baseline -0.002 -16"><span class='ocrx_word' id='word_1_8' title='bbox 575 511 647 569; x_wconf 88' lang='lat' dir='ltr'>ad</span> <span class='ocrx_word' id='word_1_9' title='bbox 687 522 712 573; x_wconf 92' lang='lat'>1</span> <span class='ocrx_word' id='word_1_10' title='bbox 739 532 753 580; x_wconf 80' lang='lat'>3</span> <span class='ocrx_word' id='word_1_11' title='bbox 787 530 837 568; x_wconf 91' lang='lat' dir='ltr'>a.</span> <span class='ocrx_word' id='word_1_12' title='bbox 871 520 906 571; x_wconf 85' lang='lat'>4</span> <span class='ocrx_word' id='word_1_13' title='bbox 940 510 1015 568; x_wconf 91' lang='lat' dir='ltr'>ad</span> <span class='ocrx_word' id='word_1_14' title='bbox 1049 509 1130 585; x_wconf 88' lang='lat'>2),</span> <span class='ocrx_word' id='word_1_15' title='bbox 1170 508 1325 583; x_wconf 88' lang='lat' dir='ltr'>aptis</span> <span class='ocrx_word' id='word_1_16' title='bbox 1357 511 1555 566; x_wconf 83' lang='lat' dir='ltr'>tamen</span> <span class='ocrx_word' id='word_1_17' title='bbox 1586 508 1655 566; x_wconf 93' lang='lat' dir='ltr'>ad</span> <span class='ocrx_word' id='word_1_18' title='bbox 1690 508 1889 583; x_wconf 89' lang='lat' dir='ltr'>ipsum</span> <span class='ocrx_word' id='word_1_19' title='bbox 1919 505 2097 564; x_wconf 91' lang='lat' dir='ltr'>finem</span> <span class='ocrx_word' id='word_1_20' title='bbox 2129 505 2523 582; x_wconf 85' lang='lat' dir='ltr'>cooptationis</span> <span class='ocrx_word' id='word_1_21' title='bbox 2555 505 2627 564; x_wconf 91' lang='lat' dir='ltr'>ad</span> <span class='ocrx_word' id='word_1_22' title='bbox 2661 508 2898 565; x_wconf 92' lang='lat' dir='ltr'>coetum</span> <span class='ocrx_word' id='word_1_23' title='bbox 2931 505 3205 564; x_wconf 87' lang='lat' dir='ltr'>fidelium</span> 
     </span>
     <span class='ocr_line' id='line_1_3' title="bbox 574 594 3202 677; baseline -0.002 -19"><span class='ocrx_word' id='word_1_24' title='bbox 574 599 1045 677; x_wconf 88' lang='lat' dir='ltr'>significandum.</span> <span class='ocrx_word' id='word_1_25' title='bbox 1112 612 1173 662; x_wconf 79' lang='lat' dir='ltr'>e.</span> <span class='ocrx_word' id='word_1_26' title='bbox 1219 598 1395 656; x_wconf 85' lang='lat' dir='ltr'>Ritus</span> <span class='ocrx_word' id='word_1_27' title='bbox 1428 614 1568 673; x_wconf 90' lang='lat' dir='ltr'>ergo</span> <span class='ocrx_word' id='word_1_28' title='bbox 1599 597 1703 654; x_wconf 92' lang='lat' dir='ltr'>ille</span> <span class='ocrx_word' id='word_1_29' title='bbox 1735 599 1946 673; x_wconf 81' lang='lat' dir='ltr'><strong>utpote</strong></span> <span class='ocrx_word' id='word_1_30' title='bbox 1979 595 2254 654; x_wconf 79' lang='lat' dir='ltr'>sensibus</span> <span class='ocrx_word' id='word_1_31' title='bbox 2288 594 2577 654; x_wconf 83' lang='lat' dir='ltr'>obnoxius</span> <span class='ocrx_word' id='word_1_32' title='bbox 2610 598 2670 653; x_wconf 90' lang='lat' dir='ltr'>et</span> <span class='ocrx_word' id='word_1_33' title='bbox 2701 594 2776 652; x_wconf 88' lang='lat' dir='ltr'>ad</span> <span class='ocrx_word' id='word_1_34' title='bbox 2808 595 3202 669; x_wconf 87' lang='lat' dir='ltr'>parvulorum</span> 
     </span>
     <span class='ocr_line' id='line_1_4' title="bbox 574 680 3208 762; baseline -0.003 -14"><span class='ocrx_word' id='word_1_35' title='bbox 574 690 883 748; x_wconf 90' lang='lat' dir='ltr'>ordinatus</span> <span class='ocrx_word' id='word_1_36' title='bbox 905 686 1431 747; x_wconf 91' lang='lat' dir='ltr'>sanctificationem</span> <span class='ocrx_word' id='word_1_37' title='bbox 1451 703 1700 760; x_wconf 87' lang='lat' dir='ltr'>eamque</span> <span class='ocrx_word' id='word_1_38' title='bbox 1731 684 2091 762; x_wconf 74' lang='lat' dir='ltr'>significanS,</span> <span class='ocrx_word' id='word_1_39' title='bbox 2126 687 2562 743; x_wconf 88' lang='lat' dir='ltr'>sacramentum</span> <span class='ocrx_word' id='word_1_40' title='bbox 2593 683 2709 742; x_wconf 89' lang='lat' dir='ltr'>dici</span> <span class='ocrx_word' id='word_1_41' title='bbox 2741 684 2961 760; x_wconf 81' lang='lat' dir='ltr'>potuit.</span> <span class='ocrx_word' id='word_1_42' title='bbox 2995 680 3063 748; x_wconf 87' lang='lat' dir='ltr'>d.</span> <span class='ocrx_word' id='word_1_43' title='bbox 3095 684 3208 741; x_wconf 90' lang='lat' dir='ltr'>In-</span> 
     </span>
     <span class='ocr_line' id='line_1_5' title="bbox 572 772 3208 854; baseline -0.003 -17"><span class='ocrx_word' id='word_1_44' title='bbox 572 780 797 837; x_wconf 85' lang='lat' dir='ltr'>certum</span> <span class='ocrx_word' id='word_1_45' title='bbox 830 778 1006 854; x_wconf 87' lang='lat' dir='ltr'>plane</span> <span class='ocrx_word' id='word_1_46' title='bbox 1036 780 1143 843; x_wconf 87' lang='lat' dir='ltr'>est,</span> <span class='ocrx_word' id='word_1_47' title='bbox 1177 795 1323 834; x_wconf 91' lang='lat' dir='ltr'>num</span> <span class='ocrx_word' id='word_1_48' title='bbox 1343 777 1581 851; x_wconf 85' lang='lat' dir='ltr'>praeter</span> <span class='ocrx_word' id='word_1_49' title='bbox 1599 775 1757 833; x_wconf 89' lang='lat' dir='ltr'>hunc</span> <span class='ocrx_word' id='word_1_50' title='bbox 1788 774 1992 846; x_wconf 90' lang='lat' dir='ltr'>ritum,</span> <span class='ocrx_word' id='word_1_51' title='bbox 2026 792 2204 849; x_wconf 91' lang='lat' dir='ltr'>quem</span> <span class='ocrx_word' id='word_1_52' title='bbox 2238 792 2437 832; x_wconf 91' lang='lat' dir='ltr'>reme</span> <span class='ocrx_word' id='word_1_53' title='bbox 2457 772 2665 831; x_wconf 91' lang='lat' dir='ltr'>dium</span> <span class='ocrx_word' id='word_1_54' title='bbox 2694 776 2911 832; x_wconf 88' lang='lat' dir='ltr'>vocant</span> <span class='ocrx_word' id='word_1_55' title='bbox 2929 777 3208 842; x_wconf 88' lang='lat' dir='ltr'>naturae,</span> 
     </span>
    </p>
   </div>
   <div class='ocr_carea' id='block_1_3' title="bbox 572 867 1352 926">
    <p class='ocr_par' dir='ltr' id='par_1_3' title="bbox 572 867 1352 926">
     <span class='ocr_line' id='line_1_6' title="bbox 572 867 1352 926; baseline 0.001 -1"><span class='ocrx_word' id='word_1_56' title='bbox 572 867 689 925; x_wconf 89' lang='lat' dir='ltr'>alia</span> <span class='ocrx_word' id='word_1_57' title='bbox 719 867 943 925; x_wconf 86' lang='lat' dir='ltr'>fuerint</span> <span class='ocrx_word' id='word_1_58' title='bbox 973 867 1352 926; x_wconf 84' lang='lat' dir='ltr'>sacramenta.</span> 
     </span>
    </p>
   </div>
   <div class='ocr_carea' id='block_1_4' title="bbox 568 969 3203 1584">
    <p class='ocr_par' dir='ltr' id='par_1_4' title="bbox 568 969 3203 1584">
     <span class='ocr_line' id='line_1_7' title="bbox 751 969 3203 1048; baseline -0.004 -11"><span class='ocrx_word' id='word_1_59' title='bbox 751 971 817 1037; x_wconf 80' lang='lat'>3.</span> <span class='ocrx_word' id='word_1_60' title='bbox 851 974 921 1032; x_wconf 93' lang='lat' dir='ltr'>In</span> <span class='ocrx_word' id='word_1_61' title='bbox 953 971 1194 1048; x_wconf 84' lang='lat' dir='ltr'>periodo</span> <span class='ocrx_word' id='word_1_62' title='bbox 1227 971 1560 1030; x_wconf 88' lang='lat' dir='ltr'>mosaica</span> <span class='ocrx_word' id='word_1_63' title='bbox 1604 970 1792 1029; x_wconf 87' lang='lat' dir='ltr'>fuisse</span> <span class='ocrx_word' id='word_1_64' title='bbox 1823 972 2203 1039; x_wconf 89' lang='lat' dir='ltr'>sacramenta,</span> <span class='ocrx_word' id='word_1_65' title='bbox 2252 974 2481 1028; x_wconf 89' lang='lat' dir='ltr'>certum</span> <span class='ocrx_word' id='word_1_66' title='bbox 2526 973 2645 1027; x_wconf 86' lang='lat' dir='ltr'>est:</span> <span class='ocrx_word' id='word_1_67' title='bbox 2695 970 2804 1027; x_wconf 92' lang='lat' dir='ltr'>hoc</span> <span class='ocrx_word' id='word_1_68' title='bbox 2850 969 3009 1027; x_wconf 89' lang='lat' dir='ltr'>enim</span> <span class='ocrx_word' id='word_1_69' title='bbox 3056 988 3203 1046; x_wconf 90' lang='lat' dir='ltr'>sup-</span> 
     </span>
     <span class='ocr_line' id='line_1_8' title="bbox 571 1058 3200 1140; baseline -0.002 -18"><span class='ocrx_word' id='word_1_70' title='bbox 571 1066 807 1140; x_wconf 91' lang='lat' dir='ltr'>ponunt</span> <span class='ocrx_word' id='word_1_71' title='bbox 838 1061 1083 1121; x_wconf 90' lang='lat' dir='ltr'>concilia</span> <span class='ocrx_word' id='word_1_72' title='bbox 1114 1061 1367 1119; x_wconf 87' lang='lat' dir='ltr'>floren</span> <span class='ocrx_word' id='word_1_73' title='bbox 1385 1061 1635 1118; x_wconf 89' lang='lat' dir='ltr'>tinum</span> <span class='ocrx_word' id='word_1_74' title='bbox 1667 1062 1730 1117; x_wconf 91' lang='lat' dir='ltr'>et</span> <span class='ocrx_word' id='word_1_75' title='bbox 1774 1059 1938 1117; x_wconf 91' lang='lat' dir='ltr'>trid</span> <span class='ocrx_word' id='word_1_76' title='bbox 1956 1079 1986 1118; x_wconf 96' lang='lat' dir='ltr'>e</span> <span class='ocrx_word' id='word_1_77' title='bbox 2003 1079 2043 1118; x_wconf 94' lang='lat' dir='ltr'>n</span> <span class='ocrx_word' id='word_1_78' title='bbox 2060 1060 2309 1118; x_wconf 90' lang='lat' dir='ltr'>tinum</span> <span class='ocrx_word' id='word_1_79' title='bbox 2328 1103 2340 1126; x_wconf 93' lang='lat'>‚</span> <span class='ocrx_word' id='word_1_80' title='bbox 2389 1062 2692 1117; x_wconf 78' lang='lat' dir='ltr'>testantur</span> <span class='ocrx_word' id='word_1_81' title='bbox 2723 1058 2949 1134; x_wconf 89' lang='lat' dir='ltr'>passim</span> <span class='ocrx_word' id='word_1_82' title='bbox 2980 1063 3200 1134; x_wconf 87' lang='lat' dir='ltr'>patres,</span> 
     </span>
     <span class='ocr_line' id='line_1_9' title="bbox 571 1148 3198 1225; baseline -0.002 -15"><span class='ocrx_word' id='word_1_83' title='bbox 571 1152 934 1211; x_wconf 79' lang='lat' dir='ltr'>unanimiter</span> <span class='ocrx_word' id='word_1_84' title='bbox 979 1151 1150 1209; x_wconf 89' lang='lat' dir='ltr'>docet</span> <span class='ocrx_word' id='word_1_85' title='bbox 1195 1149 1407 1218; x_wconf 91' lang='lat' dir='ltr'>schola,</span> <span class='ocrx_word' id='word_1_86' title='bbox 1457 1167 1608 1225; x_wconf 88' lang='lat' dir='ltr'>quae</span> <span class='ocrx_word' id='word_1_87' title='bbox 1653 1149 1758 1208; x_wconf 92' lang='lat' dir='ltr'>illa</span> <span class='ocrx_word' id='word_1_88' title='bbox 1803 1151 2126 1225; x_wconf 88' lang='lat' dir='ltr'>praeeunte</span> <span class='ocrx_word' id='word_1_89' title='bbox 2159 1167 2204 1206; x_wconf 91' lang='lat' dir='ltr'>s.</span> <span class='ocrx_word' id='word_1_90' title='bbox 2238 1148 2282 1206; x_wconf 88' lang='grc' dir='ltr'><strong>Τ</strong></span> <span class='ocrx_word' id='word_1_91' title='bbox 2302 1148 2340 1205; x_wconf 99' lang='lat' dir='ltr'>h</span> <span class='ocrx_word' id='word_1_92' title='bbox 2356 1167 2389 1206; x_wconf 92' lang='lat' dir='ltr'>o</span> <span class='ocrx_word' id='word_1_93' title='bbox 2407 1168 2462 1206; x_wconf 90' lang='lat' dir='ltr'>m</span> <span class='ocrx_word' id='word_1_94' title='bbox 2481 1166 2516 1204; x_wconf 91' lang='lat' dir='ltr'>a</span> <span class='ocrx_word' id='word_1_95' title='bbox 2552 1158 2577 1209; x_wconf 91' lang='lat'>1</span> <span class='ocrx_word' id='word_1_96' title='bbox 2592 1192 2605 1206; x_wconf 88' lang='lat'>.</span> <span class='ocrx_word' id='word_1_97' title='bbox 2641 1156 2675 1210; x_wconf 90' lang='grc'>2</span> <span class='ocrx_word' id='word_1_98' title='bbox 2712 1167 2767 1223; x_wconf 91' lang='lat' dir='ltr'>q.</span> <span class='ocrx_word' id='word_1_99' title='bbox 2808 1160 2885 1211; x_wconf 87' lang='lat'>10</span> <span class='ocrx_word' id='word_1_100' title='bbox 2902 1158 2930 1209; x_wconf 81' lang='lat'><strong>2</strong></span> <span class='ocrx_word' id='word_1_101' title='bbox 2965 1168 3015 1207; x_wconf 90' lang='lat' dir='ltr'>a.</span> <span class='ocrx_word' id='word_1_102' title='bbox 3057 1158 3089 1211; x_wconf 93' lang='lat'>5</span> <span class='ocrx_word' id='word_1_103' title='bbox 3126 1149 3198 1207; x_wconf 88' lang='lat' dir='ltr'>ad</span> 
     </span>
     <span class='ocr_line' id='line_1_10' title="bbox 572 1237 3201 1316; baseline -0.002 -17"><span class='ocrx_word' id='word_1_104' title='bbox 572 1244 825 1316; x_wconf 89' lang='lat' dir='ltr'>quatuor</span> <span class='ocrx_word' id='word_1_105' title='bbox 855 1243 1121 1299; x_wconf 87' lang='lat' dir='ltr'>revocat:</span> <span class='ocrx_word' id='word_1_106' title='bbox 1169 1258 1239 1298; x_wconf 89' lang='lat' dir='ltr'>ea</span> <span class='ocrx_word' id='word_1_107' title='bbox 1270 1238 1393 1297; x_wconf 91' lang='lat' dir='ltr'>scil.</span> <span class='ocrx_word' id='word_1_108' title='bbox 1426 1245 1595 1296; x_wconf 89' lang='lat' dir='ltr'>erant</span> <span class='ocrx_word' id='word_1_109' title='bbox 1625 1238 1690 1297; x_wconf 89' lang='lat' dir='ltr'>ci</span> <span class='ocrx_word' id='word_1_110' title='bbox 1712 1258 1742 1296; x_wconf 92' lang='lat' dir='ltr'>r</span> <span class='ocrx_word' id='word_1_111' title='bbox 1757 1256 1788 1296; x_wconf 88' lang='lat' dir='ltr'>c</span> <span class='ocrx_word' id='word_1_112' title='bbox 1803 1257 1844 1296; x_wconf 92' lang='lat' dir='ltr'>u</span> <span class='ocrx_word' id='word_1_113' title='bbox 1861 1258 1918 1296; x_wconf 89' lang='lat' dir='ltr'>m</span> <span class='ocrx_word' id='word_1_114' title='bbox 1936 1238 2135 1296; x_wconf 89' lang='lat' dir='ltr'>cisio</span> <span class='ocrx_word' id='word_1_115' title='bbox 2153 1282 2167 1307; x_wconf 89' lang='lat'>,</span> <span class='ocrx_word' id='word_1_116' title='bbox 2215 1237 2406 1314; x_wconf 88' lang='lat' dir='ltr'>figura</span> <span class='ocrx_word' id='word_1_117' title='bbox 2436 1237 2714 1312; x_wconf 89' lang='lat' dir='ltr'>baptismi</span> <span class='ocrx_word' id='word_1_118' title='bbox 2733 1259 2746 1306; x_wconf 88' lang='grc'>;</span> <span class='ocrx_word' id='word_1_119' title='bbox 2793 1256 2829 1295; x_wconf 89' lang='lat' dir='ltr'>a</span> <span class='ocrx_word' id='word_1_120' title='bbox 2843 1255 2938 1314; x_wconf 91' lang='lat' dir='ltr'>gn</span> <span class='ocrx_word' id='word_1_121' title='bbox 2959 1256 3000 1295; x_wconf 92' lang='lat' dir='ltr'>u</span> <span class='ocrx_word' id='word_1_122' title='bbox 3017 1255 3046 1294; x_wconf 94' lang='lat' dir='ltr'>s</span> <span class='ocrx_word' id='word_1_123' title='bbox 3091 1257 3201 1313; x_wconf 89' lang='lat' dir='ltr'>pa-</span> 
     </span>
     <span class='ocr_line' id='line_1_11' title="bbox 570 1325 3198 1405; baseline -0.002 -17"><span class='ocrx_word' id='word_1_124' title='bbox 570 1329 781 1389; x_wconf 89' lang='lat' dir='ltr'>schalis</span> <span class='ocrx_word' id='word_1_125' title='bbox 803 1332 865 1387; x_wconf 90' lang='lat' dir='ltr'>et</span> <span class='ocrx_word' id='word_1_126' title='bbox 881 1328 1035 1388; x_wconf 85' lang='lat' dir='ltr'>forte</span> <span class='ocrx_word' id='word_1_127' title='bbox 1064 1349 1103 1405; x_wconf 90' lang='lat' dir='ltr'>p</span> <span class='ocrx_word' id='word_1_128' title='bbox 1119 1348 1153 1387; x_wconf 91' lang='lat' dir='ltr'>a</span> <span class='ocrx_word' id='word_1_129' title='bbox 1167 1347 1206 1386; x_wconf 91' lang='lat' dir='ltr'>n</span> <span class='ocrx_word' id='word_1_130' title='bbox 1224 1347 1256 1386; x_wconf 93' lang='lat' dir='ltr'>e</span> <span class='ocrx_word' id='word_1_131' title='bbox 1273 1347 1300 1386; x_wconf 91' lang='lat' dir='ltr'>s</span> <span class='ocrx_word' id='word_1_132' title='bbox 1333 1327 1779 1403; x_wconf 77' lang='lat' dir='ltr'>propositionis,</span> <span class='ocrx_word' id='word_1_133' title='bbox 1812 1326 2004 1404; x_wconf 89' lang='lat' dir='ltr'>figura</span> <span class='ocrx_word' id='word_1_134' title='bbox 2021 1326 2411 1385; x_wconf 87' lang='lat' dir='ltr'>eucharistiae</span> <span class='ocrx_word' id='word_1_135' title='bbox 2428 1346 2441 1384; x_wconf 73' lang='grc' dir='ltr'>ε</span> <span class='ocrx_word' id='word_1_136' title='bbox 2474 1344 2506 1383; x_wconf 89' lang='lat' dir='ltr'>r</span> <span class='ocrx_word' id='word_1_137' title='bbox 2520 1325 2541 1383; x_wconf 88' lang='lat' dir='ltr'>i</span> <span class='ocrx_word' id='word_1_138' title='bbox 2557 1329 2584 1384; x_wconf 90' lang='lat' dir='ltr'>t</span> <span class='ocrx_word' id='word_1_139' title='bbox 2597 1346 2640 1385; x_wconf 92' lang='lat' dir='ltr'>u</span> <span class='ocrx_word' id='word_1_140' title='bbox 2657 1344 2684 1385; x_wconf 92' lang='lat' dir='ltr'>s</span> <span class='ocrx_word' id='word_1_141' title='bbox 2703 1371 2716 1396; x_wconf 95' lang='lat'>,</span> <span class='ocrx_word' id='word_1_142' title='bbox 2751 1327 2973 1400; x_wconf 91' lang='lat' dir='ltr'>quibus</span> <span class='ocrx_word' id='word_1_143' title='bbox 2995 1326 3198 1385; x_wconf 88' lang='lat' dir='ltr'>initia-</span> 
     </span>
     <span class='ocr_line' id='line_1_12' title="bbox 568 1415 3200 1494; baseline -0.002 -17"><span class='ocrx_word' id='word_1_144' title='bbox 568 1418 792 1477; x_wconf 82' lang='lat' dir='ltr'>bantur</span> <span class='ocrx_word' id='word_1_145' title='bbox 823 1418 1171 1487; x_wconf 76' lang='lat' dir='ltr'>sacerdotes,</span> <span class='ocrx_word' id='word_1_146' title='bbox 1205 1417 1398 1494; x_wconf 87' lang='lat' dir='ltr'>figura</span> <span class='ocrx_word' id='word_1_147' title='bbox 1429 1417 1783 1475; x_wconf 91' lang='lat' dir='ltr'>sacramenti</span> <span class='ocrx_word' id='word_1_148' title='bbox 1816 1416 2072 1475; x_wconf 82' lang='lat' dir='ltr'>ordinis:</span> <span class='ocrx_word' id='word_1_149' title='bbox 2119 1415 2317 1474; x_wconf 86' lang='lat' dir='ltr'>variae</span> <span class='ocrx_word' id='word_1_150' title='bbox 2355 1416 2376 1472; x_wconf 95' lang='lat' dir='ltr'>l</span> <span class='ocrx_word' id='word_1_151' title='bbox 2395 1435 2435 1474; x_wconf 91' lang='lat' dir='ltr'>u</span> <span class='ocrx_word' id='word_1_152' title='bbox 2454 1434 2481 1473; x_wconf 90' lang='lat' dir='ltr'>s</span> <span class='ocrx_word' id='word_1_153' title='bbox 2497 1418 2525 1471; x_wconf 97' lang='lat' dir='ltr'>t</span> <span class='ocrx_word' id='word_1_154' title='bbox 2540 1435 2571 1473; x_wconf 89' lang='lat' dir='ltr'>r</span> <span class='ocrx_word' id='word_1_155' title='bbox 2585 1435 2619 1474; x_wconf 92' lang='lat' dir='ltr'>a</span> <span class='ocrx_word' id='word_1_156' title='bbox 2633 1416 2746 1473; x_wconf 90' lang='lat' dir='ltr'>tio</span> <span class='ocrx_word' id='word_1_157' title='bbox 2763 1435 2802 1473; x_wconf 94' lang='lat' dir='ltr'>n</span> <span class='ocrx_word' id='word_1_158' title='bbox 2820 1434 2852 1473; x_wconf 92' lang='lat' dir='ltr'>e</span> <span class='ocrx_word' id='word_1_159' title='bbox 2871 1435 2898 1474; x_wconf 92' lang='lat' dir='ltr'>s</span> <span class='ocrx_word' id='word_1_160' title='bbox 2928 1419 2991 1474; x_wconf 90' lang='lat' dir='ltr'>et</span> <span class='ocrx_word' id='word_1_161' title='bbox 3022 1434 3200 1473; x_wconf 90' lang='lat' dir='ltr'>mun·</span> 
     </span>
     <span class='ocr_line' id='line_1_13' title="bbox 571 1504 3198 1584; baseline -0.001 -18"><span class='ocrx_word' id='word_1_162' title='bbox 571 1508 856 1579; x_wconf 79' lang='lat' dir='ltr'>dationeS,</span> <span class='ocrx_word' id='word_1_163' title='bbox 890 1507 1112 1584; x_wconf 86' lang='lat' dir='ltr'>figurae</span> <span class='ocrx_word' id='word_1_164' title='bbox 1146 1506 1498 1565; x_wconf 90' lang='lat' dir='ltr'>sacramenti</span> <span class='ocrx_word' id='word_1_165' title='bbox 1529 1505 1947 1582; x_wconf 86' lang='lat' dir='ltr'>poenitentiae.</span> <span class='ocrx_word' id='word_1_166' title='bbox 2012 1504 2093 1566; x_wconf 84' lang='lat' dir='ltr'>Cf.</span> <span class='ocrx_word' id='word_1_167' title='bbox 2139 1507 2485 1563; x_wconf 91' lang='lat' dir='ltr'>Becanus</span> <span class='ocrx_word' id='word_1_168' title='bbox 2531 1504 2801 1581; x_wconf 88' lang='lat' dir='ltr'>analogia</span> <span class='ocrx_word' id='word_1_169' title='bbox 2833 1505 2898 1564; x_wconf 90' lang='lat' dir='ltr'>V.</span> <span class='ocrx_word' id='word_1_170' title='bbox 2931 1510 2993 1564; x_wconf 90' lang='lat' dir='ltr'>et</span> <span class='ocrx_word' id='word_1_171' title='bbox 3023 1505 3096 1565; x_wconf 90' lang='lat' dir='ltr'>N.</span> <span class='ocrx_word' id='word_1_172' title='bbox 3134 1504 3198 1563; x_wconf 90' lang='lat' dir='ltr'>T.</span> 
     </span>
    </p>
   </div>
   <div class='ocr_carea' id='block_1_5' title="bbox 570 1596 1554 1667">
    <p class='ocr_par' dir='ltr' id='par_1_5' title="bbox 570 1596 1554 1667">
     <span class='ocr_line' id='line_1_14' title="bbox 570 1596 1554 1667; baseline 0.002 -12"><span class='ocrx_word' id='word_1_173' title='bbox 570 1596 1042 1667; x_wconf 85' lang='lat' dir='ltr'>c.14;Pesch</span> <span class='ocrx_word' id='word_1_174' title='bbox 1073 1596 1152 1654; x_wconf 90' lang='lat' dir='ltr'>VI</span> <span class='ocrx_word' id='word_1_175' title='bbox 1183 1615 1241 1653; x_wconf 94' lang='lat' dir='ltr'>n.</span> <span class='ocrx_word' id='word_1_176' title='bbox 1278 1604 1554 1658; x_wconf 78' lang='lat'><strong>37-65,</strong></span> 
     </span>
    </p>
   </div>
   <div class='ocr_carea' id='block_1_6' title="bbox 568 1700 3200 1957">
    <p class='ocr_par' dir='ltr' id='par_1_6' title="bbox 568 1700 3200 1957">
     <span class='ocr_line' id='line_1_15' title="bbox 746 1700 3195 1779; baseline -0 -18"><span class='ocrx_word' id='word_1_177' title='bbox 746 1700 815 1767; x_wconf 82' lang='lat'>4.</span> <span class='ocrx_word' id='word_1_178' title='bbox 849 1704 1116 1778; x_wconf 92' lang='lat' dir='ltr'>Denique</span> <span class='ocrx_word' id='word_1_179' title='bbox 1137 1702 1200 1761; x_wconf 89' lang='lat' dir='ltr'>in</span> <span class='ocrx_word' id='word_1_180' title='bbox 1221 1702 1352 1779; x_wconf 91' lang='lat' dir='ltr'>lege</span> <span class='ocrx_word' id='word_1_181' title='bbox 1385 1720 1416 1760; x_wconf 95' lang='lat' dir='ltr'>c</span> <span class='ocrx_word' id='word_1_182' title='bbox 1430 1702 1468 1759; x_wconf 99' lang='lat' dir='ltr'>h</span> <span class='ocrx_word' id='word_1_183' title='bbox 1484 1702 1547 1760; x_wconf 92' lang='lat' dir='ltr'>ri</span> <span class='ocrx_word' id='word_1_184' title='bbox 1567 1720 1594 1759; x_wconf 93' lang='lat' dir='ltr'>s</span> <span class='ocrx_word' id='word_1_185' title='bbox 1611 1702 1671 1760; x_wconf 94' lang='lat' dir='ltr'>ti</span> <span class='ocrx_word' id='word_1_186' title='bbox 1691 1720 1779 1760; x_wconf 86' lang='lat' dir='ltr'>an</span> <span class='ocrx_word' id='word_1_187' title='bbox 1796 1721 1830 1759; x_wconf 91' lang='lat' dir='ltr'>a</span> <span class='ocrx_word' id='word_1_188' title='bbox 1860 1701 2061 1775; x_wconf 88' lang='lat' dir='ltr'>aliqua</span> <span class='ocrx_word' id='word_1_189' title='bbox 2082 1701 2289 1759; x_wconf 84' lang='lat' dir='ltr'>saltem</span> <span class='ocrx_word' id='word_1_190' title='bbox 2312 1719 2440 1759; x_wconf 90' lang='lat' dir='ltr'>esse</span> <span class='ocrx_word' id='word_1_191' title='bbox 2461 1704 2839 1771; x_wconf 88' lang='lat' dir='ltr'>sacramenta,</span> <span class='ocrx_word' id='word_1_192' title='bbox 2864 1719 2933 1759; x_wconf 86' lang='lat' dir='ltr'>ex</span> <span class='ocrx_word' id='word_1_193' title='bbox 2953 1702 3195 1778; x_wconf 88' lang='lat' dir='ltr'>integro</span> 
     </span>
     <span class='ocr_line' id='line_1_16' title="bbox 569 1789 3200 1869; baseline -0.002 -18"><span class='ocrx_word' id='word_1_194' title='bbox 569 1793 866 1851; x_wconf 82' lang='lat' dir='ltr'>constabit</span> <span class='ocrx_word' id='word_1_195' title='bbox 895 1794 1172 1863; x_wconf 89' lang='lat' dir='ltr'>tractatu,</span> <span class='ocrx_word' id='word_1_196' title='bbox 1207 1809 1315 1849; x_wconf 93' lang='lat' dir='ltr'>nec</span> <span class='ocrx_word' id='word_1_197' title='bbox 1346 1792 1419 1849; x_wconf 91' lang='lat' dir='ltr'>ab</span> <span class='ocrx_word' id='word_1_198' title='bbox 1450 1792 1577 1850; x_wconf 90' lang='lat' dir='ltr'>ullo</span> <span class='ocrx_word' id='word_1_199' title='bbox 1607 1794 1863 1869; x_wconf 86' lang='lat' dir='ltr'>negatur</span> <span class='ocrx_word' id='word_1_200' title='bbox 1889 1790 2198 1860; x_wconf 88' lang='lat' dir='ltr'>haeretico,</span> <span class='ocrx_word' id='word_1_201' title='bbox 2232 1790 2348 1848; x_wconf 91' lang='lat' dir='ltr'>nisi</span> <span class='ocrx_word' id='word_1_202' title='bbox 2381 1789 2531 1849; x_wconf 85' lang='lat' dir='ltr'>forte</span> <span class='ocrx_word' id='word_1_203' title='bbox 2550 1790 2989 1866; x_wconf 82' lang='lat' dir='ltr'>perditissimae</span> <span class='ocrx_word' id='word_1_204' title='bbox 3012 1791 3200 1849; x_wconf 84' lang='lat' dir='ltr'>fuerit</span> 
     </span>
     <span class='ocr_line' id='line_1_17' title="bbox 568 1878 2511 1957; baseline 0 -17"><span class='ocrx_word' id='word_1_205' title='bbox 568 1884 760 1952; x_wconf 88' lang='lat' dir='ltr'>notae,</span> <span class='ocrx_word' id='word_1_206' title='bbox 793 1881 897 1957; x_wconf 89' lang='lat' dir='ltr'>qui</span> <span class='ocrx_word' id='word_1_207' title='bbox 930 1899 1163 1940; x_wconf 91' lang='lat' dir='ltr'>omnem</span> <span class='ocrx_word' id='word_1_208' title='bbox 1195 1880 1479 1957; x_wconf 85' lang='lat' dir='ltr'>abjecerit</span> <span class='ocrx_word' id='word_1_209' title='bbox 1507 1880 1818 1957; x_wconf 86' lang='lat' dir='ltr'>religionis</span> <span class='ocrx_word' id='word_1_210' title='bbox 1851 1879 2209 1938; x_wconf 79' lang='lat' dir='ltr'>christianae</span> <span class='ocrx_word' id='word_1_211' title='bbox 2240 1878 2511 1941; x_wconf 86' lang='lat' dir='ltr'>formam.</span> 
     </span>
    </p>
   </div>
   <div class='ocr_carea' id='block_1_7' title="bbox 569 2021 3199 2173">
    <p class='ocr_par' dir='ltr' id='par_1_7' title="bbox 569 2021 3199 2173">
     <span class='ocr_line' id='line_1_18' title="bbox 752 2021 3199 2098; baseline -0.003 -11"><span class='ocrx_word' id='word_1_212' title='bbox 752 2033 895 2087; x_wconf 87' lang='lat'>252.</span> <span class='ocrx_word' id='word_1_213' title='bbox 928 2023 1243 2098; x_wconf 81' lang='lat' dir='ltr'>Multiplex</span> <span class='ocrx_word' id='word_1_214' title='bbox 1273 2042 1413 2082; x_wconf 90' lang='lat' dir='ltr'>vero</span> <span class='ocrx_word' id='word_1_215' title='bbox 1444 2023 1610 2082; x_wconf 87' lang='lat' dir='ltr'>reddi</span> <span class='ocrx_word' id='word_1_216' title='bbox 1630 2025 1831 2098; x_wconf 88' lang='lat' dir='ltr'>potest</span> <span class='ocrx_word' id='word_1_217' title='bbox 1860 2024 2283 2081; x_wconf 73' lang='lat' dir='ltr'>convenientiae</span> <span class='ocrx_word' id='word_1_218' title='bbox 2313 2025 2482 2098; x_wconf 80' lang='lat' dir='ltr'>ratio,</span> <span class='ocrx_word' id='word_1_219' title='bbox 2519 2041 2626 2081; x_wconf 86' lang='lat' dir='ltr'>cur</span> <span class='ocrx_word' id='word_1_220' title='bbox 2647 2022 2914 2081; x_wconf 90' lang='lat' dir='ltr'>Christus</span> <span class='ocrx_word' id='word_1_221' title='bbox 2936 2021 3199 2081; x_wconf 89' lang='lat' dir='ltr'>voluerit</span> 
     </span>
     <span class='ocr_line' id='line_1_19' title="bbox 569 2111 2308 2173; baseline 0.002 -3"><span class='ocrx_word' id='word_1_222' title='bbox 569 2112 889 2173; x_wconf 86' lang='lat' dir='ltr'>instituere</span> <span class='ocrx_word' id='word_1_223' title='bbox 920 2116 1288 2172; x_wconf 89' lang='lat' dir='ltr'>sacramenta</span> <span class='ocrx_word' id='word_1_224' title='bbox 1317 2113 1388 2172; x_wconf 85' lang='lat' dir='ltr'>ad</span> <span class='ocrx_word' id='word_1_225' title='bbox 1421 2112 1731 2172; x_wconf 89' lang='lat' dir='ltr'>hominum</span> <span class='ocrx_word' id='word_1_226' title='bbox 1764 2111 2308 2173; x_wconf 88' lang='lat' dir='ltr'>sanctificationem.</span> 
     </span>
    </p>
   </div>
   <div class='ocr_carea' id='block_1_8' title="bbox 565 2215 3197 2563">
    <p class='ocr_par' dir='ltr' id='par_1_8' title="bbox 565 2215 3197 2563">
     <span class='ocr_line' id='line_1_20' title="bbox 750 2215 3197 2296; baseline -0.002 -16"><span class='ocrx_word' id='word_1_227' title='bbox 750 2215 809 2285; x_wconf 95' lang='grc'><strong>1.</strong></span> <span class='ocrx_word' id='word_1_228' title='bbox 844 2220 1113 2279; x_wconf 86' lang='lat' dir='ltr'>Conditio</span> <span class='ocrx_word' id='word_1_229' title='bbox 1145 2220 1421 2290; x_wconf 77' lang='lat' dir='ltr'>hominiS,</span> <span class='ocrx_word' id='word_1_230' title='bbox 1456 2220 1559 2295; x_wconf 89' lang='lat' dir='ltr'>qui</span> <span class='ocrx_word' id='word_1_231' title='bbox 1592 2219 1933 2277; x_wconf 85' lang='lat' dir='ltr'>visibilibus</span> <span class='ocrx_word' id='word_1_232' title='bbox 1964 2219 2212 2296; x_wconf 83' lang='lat' dir='ltr'>indiget,</span> <span class='ocrx_word' id='word_1_233' title='bbox 2259 2222 2329 2278; x_wconf 89' lang='lat' dir='ltr'>ut</span> <span class='ocrx_word' id='word_1_234' title='bbox 2373 2219 2443 2277; x_wconf 89' lang='lat' dir='ltr'>ad</span> <span class='ocrx_word' id='word_1_235' title='bbox 2492 2219 2890 2278; x_wconf 83' lang='lat' dir='ltr'>invisibilium</span> <span class='ocrx_word' id='word_1_236' title='bbox 2924 2219 3197 2277; x_wconf 87' lang='lat' dir='ltr'>elevetur</span> 
     </span>
     <span class='ocr_line' id='line_1_21' title="bbox 567 2307 3193 2387; baseline -0.001 -20"><span class='ocrx_word' id='word_1_237' title='bbox 567 2310 1142 2385; x_wconf 90' lang='lat' dir='ltr'>contemplationem,</span> <span class='ocrx_word' id='word_1_238' title='bbox 1175 2309 1362 2387; x_wconf 84' lang='lat' dir='ltr'>exigit</span> <span class='ocrx_word' id='word_1_239' title='bbox 1392 2311 1758 2367; x_wconf 84' lang='lat' dir='ltr'>sacramenta</span> <span class='ocrx_word' id='word_1_240' title='bbox 1788 2309 1828 2369; x_wconf 88' lang='lat' dir='ltr'>i.</span> <span class='ocrx_word' id='word_1_241' title='bbox 1860 2327 1908 2367; x_wconf 90' lang='lat' dir='ltr'>e.</span> <span class='ocrx_word' id='word_1_242' title='bbox 1943 2326 2247 2367; x_wconf 85' lang='lat' dir='ltr'>sacrorum</span> <span class='ocrx_word' id='word_1_243' title='bbox 2279 2307 2577 2384; x_wconf 85' lang='lat' dir='ltr'>symbola:</span> <span class='ocrx_word' id='word_1_244' title='bbox 2625 2307 2820 2383; x_wconf 89' lang='lat' dir='ltr'>iisque</span> <span class='ocrx_word' id='word_1_245' title='bbox 2852 2308 3034 2367; x_wconf 90' lang='lat' dir='ltr'>etiam</span> <span class='ocrx_word' id='word_1_246' title='bbox 3067 2327 3193 2365; x_wconf 91' lang='lat' dir='ltr'>me—</span> 
     </span>
     <span class='ocr_line' id='line_1_22' title="bbox 567 2396 3195 2474; baseline 0 -19"><span class='ocrx_word' id='word_1_247' title='bbox 567 2397 686 2456; x_wconf 92' lang='lat' dir='ltr'>lius</span> <span class='ocrx_word' id='word_1_248' title='bbox 716 2398 890 2457; x_wconf 90' lang='lat' dir='ltr'>homo</span> <span class='ocrx_word' id='word_1_249' title='bbox 922 2398 1270 2474; x_wconf 90' lang='lat' dir='ltr'>disponitur</span> <span class='ocrx_word' id='word_1_250' title='bbox 1300 2398 1373 2456; x_wconf 91' lang='lat' dir='ltr'>ad</span> <span class='ocrx_word' id='word_1_251' title='bbox 1405 2398 1632 2474; x_wconf 89' lang='lat' dir='ltr'>gratiae</span> <span class='ocrx_word' id='word_1_252' title='bbox 1665 2397 2082 2473; x_wconf 89' lang='lat' dir='ltr'>receptionem,</span> <span class='ocrx_word' id='word_1_253' title='bbox 2132 2415 2267 2456; x_wconf 90' lang='lat' dir='ltr'>cum</span> <span class='ocrx_word' id='word_1_254' title='bbox 2301 2397 2565 2473; x_wconf 88' lang='lat' dir='ltr'>ipsorum</span> <span class='ocrx_word' id='word_1_255' title='bbox 2594 2398 2823 2455; x_wconf 90' lang='lat' dir='ltr'>rituum</span> <span class='ocrx_word' id='word_1_256' title='bbox 2858 2396 3195 2455; x_wconf 89' lang='lat' dir='ltr'>visibilium</span> 
     </span>
     <span class='ocr_line' id='line_1_23' title="bbox 565 2486 3046 2563; baseline -0.001 -18"><span class='ocrx_word' id='word_1_257' title='bbox 565 2505 683 2546; x_wconf 90' lang='lat' dir='ltr'>usu</span> <span class='ocrx_word' id='word_1_258' title='bbox 715 2487 845 2557; x_wconf 89' lang='lat' dir='ltr'>scit,</span> <span class='ocrx_word' id='word_1_259' title='bbox 878 2487 1117 2563; x_wconf 90' lang='lat' dir='ltr'>quando</span> <span class='ocrx_word' id='word_1_260' title='bbox 1149 2486 1502 2546; x_wconf 86' lang='lat' dir='ltr'>infundatur</span> <span class='ocrx_word' id='word_1_261' title='bbox 1533 2486 1739 2563; x_wconf 84' lang='lat' dir='ltr'>gratia.</span> <span class='ocrx_word' id='word_1_262' title='bbox 1806 2486 1886 2545; x_wconf 81' lang='lat' dir='ltr'>Of.</span> <span class='ocrx_word' id='word_1_263' title='bbox 1918 2486 2234 2544; x_wconf 86' lang='lat' dir='ltr'>Thomas</span> <span class='ocrx_word' id='word_1_264' title='bbox 2270 2496 2304 2549; x_wconf 89' lang='grc'>3</span> <span class='ocrx_word' id='word_1_265' title='bbox 2342 2507 2395 2562; x_wconf 89' lang='lat' dir='ltr'>q.</span> <span class='ocrx_word' id='word_1_266' title='bbox 2434 2498 2505 2550; x_wconf 86' lang='grc'>61</span> <span class='ocrx_word' id='word_1_267' title='bbox 2548 2507 2597 2546; x_wconf 90' lang='lat' dir='ltr'>a.</span> <span class='ocrx_word' id='word_1_268' title='bbox 2643 2498 2690 2549; x_wconf 89' lang='lat'>1.</span> <span class='ocrx_word' id='word_1_269' title='bbox 2756 2486 3046 2545; x_wconf 90' lang='lat' dir='ltr'>Convenit</span> 
     </span>
    </p>
   </div>
   <div class='ocr_carea' id='block_1_9' title="bbox 564 2592 3193 2759">
    <p class='ocr_par' dir='ltr' id='par_1_9' title="bbox 564 2592 3193 2759">
     <span class='ocr_line' id='line_1_24' title="bbox 741 2592 3193 2670; baseline -0.002 -14"><span class='ocrx_word' id='word_1_270' title='bbox 741 2592 809 2657; x_wconf 75' lang='lat'>2.</span> <span class='ocrx_word' id='word_1_271' title='bbox 845 2595 952 2653; x_wconf 93' lang='lat' dir='ltr'>Dei</span> <span class='ocrx_word' id='word_1_272' title='bbox 982 2594 1320 2670; x_wconf 89' lang='lat' dir='ltr'>sapientiae,</span> <span class='ocrx_word' id='word_1_273' title='bbox 1368 2595 1439 2651; x_wconf 90' lang='lat' dir='ltr'>ut</span> <span class='ocrx_word' id='word_1_274' title='bbox 1469 2592 1627 2667; x_wconf 91' lang='lat' dir='ltr'>quod</span> <span class='ocrx_word' id='word_1_275' title='bbox 1659 2595 1752 2650; x_wconf 88' lang='lat' dir='ltr'>est</span> <span class='ocrx_word' id='word_1_276' title='bbox 1785 2593 2007 2651; x_wconf 90' lang='lat' dir='ltr'>occasio</span> <span class='ocrx_word' id='word_1_277' title='bbox 2041 2593 2268 2664; x_wconf 90' lang='lat' dir='ltr'>ruinae,</span> <span class='ocrx_word' id='word_1_278' title='bbox 2305 2593 2514 2652; x_wconf 79' lang='lat' dir='ltr'>salutis</span> <span class='ocrx_word' id='word_1_279' title='bbox 2547 2593 2652 2651; x_wconf 88' lang='lat' dir='ltr'>fiat</span> <span class='ocrx_word' id='word_1_280' title='bbox 2681 2594 2976 2662; x_wconf 89' lang='lat' dir='ltr'>medium;</span> <span class='ocrx_word' id='word_1_281' title='bbox 3029 2610 3193 2652; x_wconf 89' lang='lat' dir='ltr'>crea-</span> 
     </span>
     <span class='ocr_line' id='line_1_25' title="bbox 564 2681 2795 2759; baseline -0 -16"><span class='ocrx_word' id='word_1_282' title='bbox 564 2687 701 2743; x_wconf 91' lang='lat' dir='ltr'>tura</span> <span class='ocrx_word' id='word_1_283' title='bbox 732 2687 932 2743; x_wconf 87' lang='lat' dir='ltr'>autem</span> <span class='ocrx_word' id='word_1_284' title='bbox 963 2685 1217 2744; x_wconf 85' lang='lat' dir='ltr'>visibilis</span> <span class='ocrx_word' id='word_1_285' title='bbox 1251 2682 1372 2742; x_wconf 88' lang='lat' dir='ltr'>fuit</span> <span class='ocrx_word' id='word_1_286' title='bbox 1403 2685 1465 2740; x_wconf 92' lang='lat' dir='ltr'>et</span> <span class='ocrx_word' id='word_1_287' title='bbox 1495 2681 1686 2741; x_wconf 90' lang='lat' dir='ltr'>adhuc</span> <span class='ocrx_word' id='word_1_288' title='bbox 1719 2701 1891 2759; x_wconf 87' lang='lat' dir='ltr'>saepe</span> <span class='ocrx_word' id='word_1_289' title='bbox 1924 2686 2017 2741; x_wconf 90' lang='lat' dir='ltr'>est</span> <span class='ocrx_word' id='word_1_290' title='bbox 2050 2682 2273 2742; x_wconf 90' lang='lat' dir='ltr'>homini</span> <span class='ocrx_word' id='word_1_291' title='bbox 2305 2684 2530 2743; x_wconf 90' lang='lat' dir='ltr'>occasio</span> <span class='ocrx_word' id='word_1_292' title='bbox 2564 2684 2795 2742; x_wconf 89' lang='lat' dir='ltr'>ruinae.</span> 
     </span>
    </p>
   </div>
   <div class='ocr_carea' id='block_1_10' title="bbox 560 2787 3194 3401">
    <p class='ocr_par' dir='ltr' id='par_1_10' title="bbox 560 2787 3194 3401">
     <span class='ocr_line' id='line_1_26' title="bbox 743 2787 3194 2866; baseline -0.001 -16"><span class='ocrx_word' id='word_1_293' title='bbox 743 2789 805 2856; x_wconf 83' lang='lat'>3.</span> <span class='ocrx_word' id='word_1_294' title='bbox 836 2792 1028 2850; x_wconf 90' lang='lat' dir='ltr'>Homo</span> <span class='ocrx_word' id='word_1_295' title='bbox 1060 2792 1246 2849; x_wconf 89' lang='lat' dir='ltr'>Deum</span> <span class='ocrx_word' id='word_1_296' title='bbox 1278 2790 1473 2848; x_wconf 79' lang='lat' dir='ltr'>anima</span> <span class='ocrx_word' id='word_1_297' title='bbox 1503 2787 1750 2848; x_wconf 84' lang='lat' dir='ltr'>offendit</span> <span class='ocrx_word' id='word_1_298' title='bbox 1795 2794 1855 2848; x_wconf 88' lang='lat' dir='ltr'>et</span> <span class='ocrx_word' id='word_1_299' title='bbox 1901 2808 2157 2866; x_wconf 89' lang='lat' dir='ltr'>corpore,</span> <span class='ocrx_word' id='word_1_300' title='bbox 2204 2792 2400 2849; x_wconf 90' lang='lat' dir='ltr'>anima</span> <span class='ocrx_word' id='word_1_301' title='bbox 2444 2793 2506 2848; x_wconf 89' lang='lat' dir='ltr'>et</span> <span class='ocrx_word' id='word_1_302' title='bbox 2551 2809 2791 2866; x_wconf 90' lang='lat' dir='ltr'>corpore</span> <span class='ocrx_word' id='word_1_303' title='bbox 2839 2790 3014 2849; x_wconf 84' lang='lat' dir='ltr'>debet</span> <span class='ocrx_word' id='word_1_304' title='bbox 3061 2808 3194 2849; x_wconf 89' lang='lat' dir='ltr'>esse</span> 
     </span>
     <span class='ocr_line' id='line_1_27' title="bbox 565 2878 3191 2956; baseline -0 -17"><span class='ocrx_word' id='word_1_305' title='bbox 565 2884 842 2941; x_wconf 89' lang='lat' dir='ltr'>sanctus:</span> <span class='ocrx_word' id='word_1_306' title='bbox 877 2880 1014 2938; x_wconf 91' lang='lat' dir='ltr'>hinc</span> <span class='ocrx_word' id='word_1_307' title='bbox 1045 2879 1295 2955; x_wconf 87' lang='lat' dir='ltr'>expedit,</span> <span class='ocrx_word' id='word_1_308' title='bbox 1332 2883 1400 2937; x_wconf 89' lang='lat' dir='ltr'>ut</span> <span class='ocrx_word' id='word_1_309' title='bbox 1432 2879 1652 2938; x_wconf 87' lang='lat' dir='ltr'>ritibus</span> <span class='ocrx_word' id='word_1_310' title='bbox 1684 2878 2033 2938; x_wconf 86' lang='lat' dir='ltr'>visibilibus</span> <span class='ocrx_word' id='word_1_311' title='bbox 2065 2879 2188 2937; x_wconf 89' lang='lat' dir='ltr'>vim</span> <span class='ocrx_word' id='word_1_312' title='bbox 2222 2880 2596 2956; x_wconf 88' lang='lat' dir='ltr'>spiritualem</span> <span class='ocrx_word' id='word_1_313' title='bbox 2631 2879 2989 2938; x_wconf 86' lang='lat' dir='ltr'>habentibus</span> <span class='ocrx_word' id='word_1_314' title='bbox 3022 2898 3191 2938; x_wconf 90' lang='lat' dir='ltr'>cure·</span> 
     </span>
     <span class='ocr_line' id='line_1_28' title="bbox 563 2968 3193 3042; baseline 0 -15"><span class='ocrx_word' id='word_1_315' title='bbox 563 2974 667 3030; x_wconf 91' lang='lat' dir='ltr'>tur</span> <span class='ocrx_word' id='word_1_316' title='bbox 698 2973 760 3027; x_wconf 92' lang='lat' dir='ltr'>et</span> <span class='ocrx_word' id='word_1_317' title='bbox 789 2969 1203 3028; x_wconf 85' lang='lat' dir='ltr'>sanctificetur.</span> <span class='ocrx_word' id='word_1_318' title='bbox 1250 2968 1341 3026; x_wconf 89' lang='lat' dir='ltr'>Ad</span> <span class='ocrx_word' id='word_1_319' title='bbox 1373 2987 1498 3026; x_wconf 90' lang='lat' dir='ltr'>rem</span> <span class='ocrx_word' id='word_1_320' title='bbox 1528 2968 1986 3028; x_wconf 88' lang='lat' dir='ltr'>Ambrosius</span> <span class='ocrx_word' id='word_1_321' title='bbox 2018 2968 2081 3026; x_wconf 93' lang='lat' dir='ltr'>in</span> <span class='ocrx_word' id='word_1_322' title='bbox 2113 2969 2249 3030; x_wconf 90' lang='lat' dir='ltr'>Luc.</span> <span class='ocrx_word' id='word_1_323' title='bbox 2283 2968 2360 3042; x_wconf 87' lang='lat'>11,</span> <span class='ocrx_word' id='word_1_324' title='bbox 2397 2978 2509 3031; x_wconf 84' lang='lat'>79:</span> <span class='ocrx_word' id='word_1_325' title='bbox 2548 2968 2740 3037; x_wconf 83' lang='lat' dir='ltr'>,Nam</span> <span class='ocrx_word' id='word_1_326' title='bbox 2772 2987 2907 3027; x_wconf 90' lang='lat' dir='ltr'>cum</span> <span class='ocrx_word' id='word_1_327' title='bbox 2938 2988 3007 3027; x_wconf 85' lang='lat' dir='ltr'>ex</span> <span class='ocrx_word' id='word_1_328' title='bbox 3041 2968 3193 3027; x_wconf 92' lang='lat' dir='ltr'>dua-</span> 
     </span>
     <span class='ocr_line' id='line_1_29' title="bbox 565 3057 3191 3135; baseline -0 -18"><span class='ocrx_word' id='word_1_329' title='bbox 565 3061 678 3117; x_wconf 92' lang='lat' dir='ltr'>bus</span> <span class='ocrx_word' id='word_1_330' title='bbox 710 3058 943 3116; x_wconf 85' lang='lat' dir='ltr'>naturis</span> <span class='ocrx_word' id='word_1_331' title='bbox 973 3058 1146 3115; x_wconf 90' lang='lat' dir='ltr'>homo</span> <span class='ocrx_word' id='word_1_332' title='bbox 1177 3057 1214 3114; x_wconf 92' lang='lat' dir='ltr'>i.</span> <span class='ocrx_word' id='word_1_333' title='bbox 1249 3077 1296 3119; x_wconf 90' lang='lat' dir='ltr'>e.</span> <span class='ocrx_word' id='word_1_334' title='bbox 1330 3076 1399 3114; x_wconf 82' lang='lat' dir='ltr'>ex</span> <span class='ocrx_word' id='word_1_335' title='bbox 1432 3058 1628 3116; x_wconf 89' lang='lat' dir='ltr'>anima</span> <span class='ocrx_word' id='word_1_336' title='bbox 1658 3058 1950 3116; x_wconf 87' lang='lat' dir='ltr'>subsistat</span> <span class='ocrx_word' id='word_1_337' title='bbox 1981 3061 2043 3116; x_wconf 91' lang='lat' dir='ltr'>et</span> <span class='ocrx_word' id='word_1_338' title='bbox 2073 3076 2330 3135; x_wconf 86' lang='lat' dir='ltr'>corpore,</span> <span class='ocrx_word' id='word_1_339' title='bbox 2366 3057 2604 3117; x_wconf 88' lang='lat' dir='ltr'>visibile</span> <span class='ocrx_word' id='word_1_340' title='bbox 2635 3077 2741 3133; x_wconf 89' lang='lat' dir='ltr'>per</span> <span class='ocrx_word' id='word_1_341' title='bbox 2772 3057 3057 3128; x_wconf 87' lang='lat' dir='ltr'>visibilia,</span> <span class='ocrx_word' id='word_1_342' title='bbox 3093 3058 3191 3116; x_wconf 91' lang='lat' dir='ltr'>in-</span> 
     </span>
     <span class='ocr_line' id='line_1_30' title="bbox 564 3146 3189 3223; baseline -0.001 -17"><span class='ocrx_word' id='word_1_343' title='bbox 564 3147 800 3207; x_wconf 89' lang='lat' dir='ltr'>visibile</span> <span class='ocrx_word' id='word_1_344' title='bbox 848 3164 956 3222; x_wconf 91' lang='lat' dir='ltr'>per</span> <span class='ocrx_word' id='word_1_345' title='bbox 999 3146 1302 3204; x_wconf 87' lang='lat' dir='ltr'>invisibile</span> <span class='ocrx_word' id='word_1_346' title='bbox 1346 3147 1698 3222; x_wconf 84' lang='lat' dir='ltr'>mysterium</span> <span class='ocrx_word' id='word_1_347' title='bbox 1740 3150 2135 3205; x_wconf 88' lang='lat' dir='ltr'>consecratur.</span> <span class='ocrx_word' id='word_1_348' title='bbox 2201 3148 2372 3222; x_wconf 89' lang='lat' dir='ltr'>Aqua</span> <span class='ocrx_word' id='word_1_349' title='bbox 2421 3147 2582 3205; x_wconf 89' lang='lat' dir='ltr'>enim</span> <span class='ocrx_word' id='word_1_350' title='bbox 2631 3165 2846 3223; x_wconf 88' lang='lat' dir='ltr'>corpus</span> <span class='ocrx_word' id='word_1_351' title='bbox 2896 3147 3189 3216; x_wconf 84' lang='lat' dir='ltr'>abluitur,</span> 
     </span>
     <span class='ocr_line' id='line_1_31' title="bbox 563 3234 3191 3312; baseline 0 -18"><span class='ocrx_word' id='word_1_352' title='bbox 563 3236 792 3312; x_wconf 88' lang='lat' dir='ltr'>Spiritu</span> <span class='ocrx_word' id='word_1_353' title='bbox 822 3236 1052 3294; x_wconf 88' lang='lat' dir='ltr'>animae</span> <span class='ocrx_word' id='word_1_354' title='bbox 1085 3235 1302 3293; x_wconf 90' lang='lat' dir='ltr'>delicta</span> <span class='ocrx_word' id='word_1_355' title='bbox 1332 3234 1632 3294; x_wconf 89' lang='lat' dir='ltr'>donantur</span> <span class='ocrx_word' id='word_1_356' title='bbox 1660 3284 1676 3299; x_wconf 91' lang='lat'>.</span> <span class='ocrx_word' id='word_1_357' title='bbox 1710 3283 1725 3298; x_wconf 96' lang='lat'>.</span> <span class='ocrx_word' id='word_1_358' title='bbox 1758 3283 1774 3298; x_wconf 95' lang='lat'>.</span> <span class='ocrx_word' id='word_1_359' title='bbox 1805 3254 1939 3295; x_wconf 88' lang='lat' dir='ltr'>cum</span> <span class='ocrx_word' id='word_1_360' title='bbox 1960 3236 2299 3295; x_wconf 90' lang='lat' dir='ltr'>communia</span> <span class='ocrx_word' id='word_1_361' title='bbox 2317 3236 2534 3294; x_wconf 88' lang='lat' dir='ltr'>delicta</span> <span class='ocrx_word' id='word_1_362' title='bbox 2566 3237 2689 3295; x_wconf 91' lang='lat' dir='ltr'>sint</span> <span class='ocrx_word' id='word_1_363' title='bbox 2721 3236 2936 3294; x_wconf 86' lang='lat' dir='ltr'>mentis</span> <span class='ocrx_word' id='word_1_364' title='bbox 2971 3239 3032 3294; x_wconf 87' lang='lat' dir='ltr'>et</span> <span class='ocrx_word' id='word_1_365' title='bbox 3062 3254 3191 3294; x_wconf 91' lang='lat' dir='ltr'>cor·</span> 
     </span>
     <span class='ocr_line' id='line_1_32' title="bbox 560 3324 2163 3401; baseline 0.001 -19"><span class='ocrx_word' id='word_1_366' title='bbox 560 3325 734 3401; x_wconf 87' lang='lat' dir='ltr'>poris,</span> <span class='ocrx_word' id='word_1_367' title='bbox 768 3324 1106 3399; x_wconf 86' lang='lat' dir='ltr'>purificatio</span> <span class='ocrx_word' id='word_1_368' title='bbox 1138 3344 1375 3400; x_wconf 91' lang='lat' dir='ltr'>quoque</span> <span class='ocrx_word' id='word_1_369' title='bbox 1410 3324 1619 3383; x_wconf 87' lang='lat' dir='ltr'>debuit</span> <span class='ocrx_word' id='word_1_370' title='bbox 1650 3343 1781 3383; x_wconf 91' lang='lat' dir='ltr'>esse</span> <span class='ocrx_word' id='word_1_371' title='bbox 1814 3325 2163 3384; x_wconf 80' lang='lat' dir='ltr'>communis,</span> 
     </span>
    </p>
   </div>
   <div class='ocr_carea' id='block_1_11' title="bbox 553 3424 3191 4394">
    <p class='ocr_par' dir='ltr' id='par_1_11' title="bbox 553 3424 3191 4394">
     <span class='ocr_line' id='line_1_33' title="bbox 735 3424 3191 3507; baseline 0 -18"><span class='ocrx_word' id='word_1_372' title='bbox 735 3424 799 3494; x_wconf 81' lang='lat'>4.</span> <span class='ocrx_word' id='word_1_373' title='bbox 833 3430 1092 3489; x_wconf 81' lang='lat' dir='ltr'>Multum</span> <span class='ocrx_word' id='word_1_374' title='bbox 1124 3430 1464 3489; x_wconf 89' lang='lat' dir='ltr'>conducunt</span> <span class='ocrx_word' id='word_1_375' title='bbox 1497 3432 1863 3489; x_wconf 88' lang='lat' dir='ltr'>sacramenta</span> <span class='ocrx_word' id='word_1_376' title='bbox 1898 3432 1973 3489; x_wconf 85' lang='lat' dir='ltr'>ud</span> <span class='ocrx_word' id='word_1_377' title='bbox 2004 3430 2348 3507; x_wconf 89' lang='lat' dir='ltr'>superbiam</span> <span class='ocrx_word' id='word_1_378' title='bbox 2370 3431 2661 3489; x_wconf 87' lang='lat' dir='ltr'>humanae</span> <span class='ocrx_word' id='word_1_379' title='bbox 2693 3433 2911 3490; x_wconf 89' lang='lat' dir='ltr'>mentis</span> <span class='ocrx_word' id='word_1_380' title='bbox 2945 3432 3191 3490; x_wconf 90' lang='lat' dir='ltr'>doman-</span> 
     </span>
     <span class='ocr_line' id='line_1_34' title="bbox 558 3518 3187 3598; baseline 0 -22"><span class='ocrx_word' id='word_1_381' title='bbox 558 3519 692 3576; x_wconf 80' lang='lat' dir='ltr'>dam</span> <span class='ocrx_word' id='word_1_382' title='bbox 725 3518 1152 3595; x_wconf 85' lang='lat' dir='ltr'>fovendamque</span> <span class='ocrx_word' id='word_1_383' title='bbox 1188 3520 1603 3591; x_wconf 86' lang='lat' dir='ltr'>humilitatem,</span> <span class='ocrx_word' id='word_1_384' title='bbox 1652 3519 1796 3579; x_wconf 91' lang='lat' dir='ltr'>dum</span> <span class='ocrx_word' id='word_1_385' title='bbox 1829 3521 2053 3579; x_wconf 89' lang='lat' dir='ltr'>vilibus</span> <span class='ocrx_word' id='word_1_386' title='bbox 2083 3538 2196 3579; x_wconf 90' lang='lat' dir='ltr'>nos</span> <span class='ocrx_word' id='word_1_387' title='bbox 2227 3520 2517 3596; x_wconf 90' lang='lat' dir='ltr'>subjicere</span> <span class='ocrx_word' id='word_1_388' title='bbox 2550 3521 2820 3598; x_wconf 84' lang='lat' dir='ltr'>cogimur</span> <span class='ocrx_word' id='word_1_389' title='bbox 2849 3521 3187 3590; x_wconf 84' lang='lat' dir='ltr'>elementis,</span> 
     </span>
     <span class='ocr_line' id='line_1_35' title="bbox 556 3604 3191 3692; baseline 0 -26"><span class='ocrx_word' id='word_1_390' title='bbox 556 3611 628 3667; x_wconf 89' lang='lat' dir='ltr'>ut</span> <span class='ocrx_word' id='word_1_391' title='bbox 675 3608 794 3667; x_wconf 93' lang='lat' dir='ltr'>Deo</span> <span class='ocrx_word' id='word_1_392' title='bbox 846 3609 1338 3685; x_wconf 89' lang='lat' dir='ltr'>obtemperemus.</span> <span class='ocrx_word' id='word_1_393' title='bbox 1405 3609 1779 3684; x_wconf 80' lang='lat' dir='ltr'>,Expediens</span> <span class='ocrx_word' id='word_1_394' title='bbox 1829 3609 1949 3668; x_wconf 88' lang='lat' dir='ltr'>fuit</span> <span class='ocrx_word' id='word_1_395' title='bbox 2002 3604 2329 3692; x_wconf 82' lang='lat' dir='ltr'>(institutio</span> <span class='ocrx_word' id='word_1_396' title='bbox 2381 3606 2928 3692; x_wconf 88' lang='lat' dir='ltr'>sacramentorum),</span> <span class='ocrx_word' id='word_1_397' title='bbox 2986 3610 3191 3686; x_wconf 88' lang='lat' dir='ltr'>inquit</span> 
     </span>
     <span class='ocr_line' id='line_1_36' title="bbox 559 3697 3189 3775; baseline 0 -20"><span class='ocrx_word' id='word_1_398' title='bbox 559 3715 603 3759; x_wconf 80' lang='lat' dir='ltr'>s,</span> <span class='ocrx_word' id='word_1_399' title='bbox 636 3698 1185 3757; x_wconf 84' lang='lat' dir='ltr'>Bonaventura</span> <span class='ocrx_word' id='word_1_400' title='bbox 1216 3697 1280 3756; x_wconf 93' lang='lat' dir='ltr'>in</span> <span class='ocrx_word' id='word_1_401' title='bbox 1314 3698 1506 3760; x_wconf 87' lang='lat' dir='ltr'>4dist.</span> <span class='ocrx_word' id='word_1_402' title='bbox 1537 3710 1559 3760; x_wconf 93' lang='lat'>1</span> <span class='ocrx_word' id='word_1_403' title='bbox 1590 3718 1645 3773; x_wconf 90' lang='lat' dir='ltr'>p.</span> <span class='ocrx_word' id='word_1_404' title='bbox 1677 3709 1699 3759; x_wconf 92' lang='lat'>1</span> <span class='ocrx_word' id='word_1_405' title='bbox 1740 3717 1791 3755; x_wconf 87' lang='lat' dir='ltr'>a.</span> <span class='ocrx_word' id='word_1_406' title='bbox 1835 3711 1854 3760; x_wconf 91' lang='lat' dir='ltr'>l</span> <span class='ocrx_word' id='word_1_407' title='bbox 1898 3719 1953 3775; x_wconf 91' lang='lat' dir='ltr'>q.</span> <span class='ocrx_word' id='word_1_408' title='bbox 1995 3710 2046 3769; x_wconf 89' lang='lat'>1,</span> <span class='ocrx_word' id='word_1_409' title='bbox 2080 3718 2114 3756; x_wconf 91' lang='lat' dir='ltr'>a</span> <span class='ocrx_word' id='word_1_410' title='bbox 2144 3702 2313 3774; x_wconf 89' lang='lat' dir='ltr'>parte</span> <span class='ocrx_word' id='word_1_411' title='bbox 2345 3699 2604 3775; x_wconf 89' lang='lat' dir='ltr'>aegroti:</span> <span class='ocrx_word' id='word_1_412' title='bbox 2639 3700 2784 3775; x_wconf 88' lang='lat' dir='ltr'>quia</span> <span class='ocrx_word' id='word_1_413' title='bbox 2814 3703 2942 3757; x_wconf 86' lang='lat' dir='ltr'>erat</span> <span class='ocrx_word' id='word_1_414' title='bbox 2976 3717 3189 3758; x_wconf 89' lang='lat' dir='ltr'>coecus</span> 
     </span>
     <span class='ocr_line' id='line_1_37' title="bbox 556 3787 3190 3861; baseline 0 -16"><span class='ocrx_word' id='word_1_415' title='bbox 556 3787 748 3861; x_wconf 89' lang='lat' dir='ltr'>quoad</span> <span class='ocrx_word' id='word_1_416' title='bbox 780 3787 1144 3859; x_wconf 88' lang='lat' dir='ltr'>rationalem,</span> <span class='ocrx_word' id='word_1_417' title='bbox 1190 3787 1324 3846; x_wconf 91' lang='lat' dir='ltr'>ideo</span> <span class='ocrx_word' id='word_1_418' title='bbox 1356 3787 1493 3845; x_wconf 87' lang='lat' dir='ltr'>data</span> <span class='ocrx_word' id='word_1_419' title='bbox 1523 3790 1666 3846; x_wconf 88' lang='lat' dir='ltr'>sunt</span> <span class='ocrx_word' id='word_1_420' title='bbox 1694 3787 1747 3845; x_wconf 92' lang='lat' dir='ltr'>ei</span> <span class='ocrx_word' id='word_1_421' title='bbox 1782 3791 2148 3846; x_wconf 87' lang='lat' dir='ltr'>sacramenta</span> <span class='ocrx_word' id='word_1_422' title='bbox 2177 3787 2440 3846; x_wconf 89' lang='lat' dir='ltr'>visibilia</span> <span class='ocrx_word' id='word_1_423' title='bbox 2470 3787 2543 3845; x_wconf 86' lang='lat' dir='ltr'>ad</span> <span class='ocrx_word' id='word_1_424' title='bbox 2575 3788 3005 3858; x_wconf 88' lang='lat' dir='ltr'>eruditionem;</span> <span class='ocrx_word' id='word_1_425' title='bbox 3057 3791 3190 3847; x_wconf 87' lang='lat' dir='ltr'>erat</span> 
     </span>
     <span class='ocr_line' id='line_1_38' title="bbox 555 3875 3186 3953; baseline 0 -20"><span class='ocrx_word' id='word_1_426' title='bbox 555 3876 747 3934; x_wconf 80' lang='lat' dir='ltr'>elatus</span> <span class='ocrx_word' id='word_1_427' title='bbox 782 3876 978 3949; x_wconf 91' lang='lat' dir='ltr'>quoad</span> <span class='ocrx_word' id='word_1_428' title='bbox 1009 3876 1384 3946; x_wconf 90' lang='lat' dir='ltr'>irascibilem,</span> <span class='ocrx_word' id='word_1_429' title='bbox 1430 3875 1562 3935; x_wconf 90' lang='lat' dir='ltr'>ideo</span> <span class='ocrx_word' id='word_1_430' title='bbox 1608 3876 1745 3934; x_wconf 85' lang='lat' dir='ltr'>data</span> <span class='ocrx_word' id='word_1_431' title='bbox 1791 3879 1936 3934; x_wconf 89' lang='lat' dir='ltr'>sunt</span> <span class='ocrx_word' id='word_1_432' title='bbox 1979 3876 2035 3935; x_wconf 95' lang='lat' dir='ltr'>ei</span> <span class='ocrx_word' id='word_1_433' title='bbox 2081 3879 2447 3936; x_wconf 88' lang='lat' dir='ltr'>sacramenta</span> <span class='ocrx_word' id='word_1_434' title='bbox 2478 3877 2805 3953; x_wconf 88' lang='lat' dir='ltr'>corporalia</span> <span class='ocrx_word' id='word_1_435' title='bbox 2835 3877 2909 3935; x_wconf 89' lang='lat' dir='ltr'>ad</span> <span class='ocrx_word' id='word_1_436' title='bbox 2943 3878 3040 3935; x_wconf 91' lang='lat' dir='ltr'>sui</span> <span class='ocrx_word' id='word_1_437' title='bbox 3073 3877 3186 3935; x_wconf 92' lang='lat' dir='ltr'>hu-</span> 
     </span>
     <span class='ocr_line' id='line_1_39' title="bbox 557 3964 3188 4043; baseline 0.001 -22"><span class='ocrx_word' id='word_1_438' title='bbox 557 3964 973 4035; x_wconf 88' lang='lat' dir='ltr'>miliationem;</span> <span class='ocrx_word' id='word_1_439' title='bbox 1017 3967 1147 4023; x_wconf 90' lang='lat' dir='ltr'>erat</span> <span class='ocrx_word' id='word_1_440' title='bbox 1177 3964 1479 4024; x_wconf 86' lang='lat' dir='ltr'>fastiditus</span> <span class='ocrx_word' id='word_1_441' title='bbox 1511 3965 1704 4041; x_wconf 86' lang='lat' dir='ltr'>quoad</span> <span class='ocrx_word' id='word_1_442' title='bbox 1738 3965 2280 4041; x_wconf 87' lang='lat' dir='ltr'>concupiscibilem,</span> <span class='ocrx_word' id='word_1_443' title='bbox 2327 3969 2399 4024; x_wconf 90' lang='lat' dir='ltr'>ut</span> <span class='ocrx_word' id='word_1_444' title='bbox 2442 3984 2563 4024; x_wconf 94' lang='lat' dir='ltr'>non</span> <span class='ocrx_word' id='word_1_445' title='bbox 2608 3970 2888 4043; x_wconf 79' lang='lat' dir='ltr'>saperent</span> <span class='ocrx_word' id='word_1_446' title='bbox 2919 3967 2974 4025; x_wconf 91' lang='lat' dir='ltr'>ei</span> <span class='ocrx_word' id='word_1_447' title='bbox 3006 3967 3188 4042; x_wconf 89' lang='lat' dir='ltr'>spiri-</span> 
     </span>
     <span class='ocr_line' id='line_1_40' title="bbox 555 4053 3188 4126; baseline 0.001 -16"><span class='ocrx_word' id='word_1_448' title='bbox 555 4053 759 4124; x_wconf 88' lang='lat' dir='ltr'>tualia,</span> <span class='ocrx_word' id='word_1_449' title='bbox 792 4053 923 4112; x_wconf 89' lang='lat' dir='ltr'>ideo</span> <span class='ocrx_word' id='word_1_450' title='bbox 944 4058 1312 4113; x_wconf 88' lang='lat' dir='ltr'>sacramenta</span> <span class='ocrx_word' id='word_1_451' title='bbox 1332 4057 1478 4113; x_wconf 90' lang='lat' dir='ltr'>sunt</span> <span class='ocrx_word' id='word_1_452' title='bbox 1507 4054 1563 4112; x_wconf 91' lang='lat' dir='ltr'>ei</span> <span class='ocrx_word' id='word_1_453' title='bbox 1594 4054 1730 4112; x_wconf 88' lang='lat' dir='ltr'>data</span> <span class='ocrx_word' id='word_1_454' title='bbox 1762 4055 1839 4113; x_wconf 91' lang='lat' dir='ltr'>ad</span> <span class='ocrx_word' id='word_1_455' title='bbox 1871 4054 2364 4126; x_wconf 87' lang='lat' dir='ltr'>exercitationem,</span> <span class='ocrx_word' id='word_1_456' title='bbox 2400 4073 2474 4113; x_wconf 94' lang='lat' dir='ltr'>ne</span> <span class='ocrx_word' id='word_1_457' title='bbox 2507 4055 2661 4115; x_wconf 86' lang='lat' dir='ltr'>forte</span> <span class='ocrx_word' id='word_1_458' title='bbox 2692 4057 2757 4114; x_wconf 90' lang='lat' dir='ltr'>in</span> <span class='ocrx_word' id='word_1_459' title='bbox 2789 4056 2973 4114; x_wconf 89' lang='lat' dir='ltr'>unius</span> <span class='ocrx_word' id='word_1_460' title='bbox 2996 4056 3188 4114; x_wconf 90' lang='lat' dir='ltr'>solius</span> 
     </span>
     <span class='ocr_line' id='line_1_41' title="bbox 554 4143 3188 4221; baseline 0.001 -22"><span class='ocrx_word' id='word_1_461' title='bbox 554 4143 930 4217; x_wconf 88' lang='lat' dir='ltr'>perceptione</span> <span class='ocrx_word' id='word_1_462' title='bbox 977 4144 1072 4201; x_wconf 90' lang='lat' dir='ltr'>vel</span> <span class='ocrx_word' id='word_1_463' title='bbox 1115 4143 1181 4201; x_wconf 93' lang='lat' dir='ltr'>in</span> <span class='ocrx_word' id='word_1_464' title='bbox 1229 4143 1639 4219; x_wconf 88' lang='lat' dir='ltr'>spiritualium</span> <span class='ocrx_word' id='word_1_465' title='bbox 1685 4146 1922 4202; x_wconf 88' lang='lat' dir='ltr'>tantum</span> <span class='ocrx_word' id='word_1_466' title='bbox 1958 4144 2456 4220; x_wconf 84' lang='lat' dir='ltr'>contemplatione</span> <span class='ocrx_word' id='word_1_467' title='bbox 2490 4144 2606 4202; x_wconf 91' lang='lat' dir='ltr'>sibi</span> <span class='ocrx_word' id='word_1_468' title='bbox 2638 4148 2842 4221; x_wconf 89' lang='lat' dir='ltr'>posset</span> <span class='ocrx_word' id='word_1_469' title='bbox 2875 4144 3188 4203; x_wconf 86' lang='lat' dir='ltr'>fastidium</span> 
     </span>
     <span class='ocr_line' id='line_1_42' title="bbox 553 4231 3175 4310; baseline 0.003 -22"><span class='ocrx_word' id='word_1_470' title='bbox 553 4231 823 4307; x_wconf 90' lang='lat' dir='ltr'>generari</span> <span class='ocrx_word' id='word_1_471' title='bbox 868 4234 930 4289; x_wconf 89' lang='lat' dir='ltr'>et</span> <span class='ocrx_word' id='word_1_472' title='bbox 973 4231 1298 4291; x_wconf 75' lang='lat' dir='ltr'>taedium.‘</span> <span class='ocrx_word' id='word_1_473' title='bbox 1367 4232 1526 4301; x_wconf 84' lang='lat' dir='ltr'>Quae</span> <span class='ocrx_word' id='word_1_474' title='bbox 1571 4231 1768 4290; x_wconf 86' lang='lat' dir='ltr'>fusius</span> <span class='ocrx_word' id='word_1_475' title='bbox 1817 4232 2042 4291; x_wconf 89' lang='lat' dir='ltr'>evolvit</span> <span class='ocrx_word' id='word_1_476' title='bbox 2086 4234 2198 4291; x_wconf 89' lang='lat' dir='ltr'>Hu</span> <span class='ocrx_word' id='word_1_477' title='bbox 2212 4251 2301 4310; x_wconf 91' lang='lat' dir='ltr'>go</span> <span class='ocrx_word' id='word_1_478' title='bbox 2347 4253 2381 4291; x_wconf 93' lang='lat' dir='ltr'>a</span> <span class='ocrx_word' id='word_1_479' title='bbox 2419 4253 2463 4291; x_wconf 91' lang='lat' dir='ltr'>s.</span> <span class='ocrx_word' id='word_1_480' title='bbox 2497 4233 2734 4294; x_wconf 78' lang='lat' dir='ltr'>Victore</span> <span class='ocrx_word' id='word_1_481' title='bbox 2769 4234 2842 4292; x_wconf 92' lang='lat' dir='ltr'>de</span> <span class='ocrx_word' id='word_1_482' title='bbox 2876 4234 3034 4292; x_wconf 88' lang='lat' dir='ltr'>Sacr.</span> <span class='ocrx_word' id='word_1_483' title='bbox 3070 4234 3106 4291; x_wconf 92' lang='lat' dir='ltr'>l.</span> <span class='ocrx_word' id='word_1_484' title='bbox 3150 4245 3175 4296; x_wconf 91' lang='lat'>1</span> 
     </span>
     <span class='ocr_line' id='line_1_43' title="bbox 553 4319 2979 4394; baseline 0.002 -17"><span class='ocrx_word' id='word_1_485' title='bbox 553 4338 608 4394; x_wconf 90' lang='lat' dir='ltr'>p.</span> <span class='ocrx_word' id='word_1_486' title='bbox 644 4329 677 4381; x_wconf 89' lang='grc'><strong>9</strong></span> <span class='ocrx_word' id='word_1_487' title='bbox 715 4338 760 4377; x_wconf 92' lang='lat' dir='ltr'>c.</span> <span class='ocrx_word' id='word_1_488' title='bbox 798 4331 855 4382; x_wconf 90' lang='lat'>3.</span> <span class='ocrx_word' id='word_1_489' title='bbox 918 4321 999 4381; x_wconf 87' lang='lat' dir='ltr'>cf.</span> <span class='ocrx_word' id='word_1_490' title='bbox 1035 4321 1397 4379; x_wconf 74' lang='lat' dir='ltr'>Schazler</span> <span class='ocrx_word' id='word_1_491' title='bbox 1428 4321 1524 4378; x_wconf 88' lang='lat' dir='ltr'>die</span> <span class='ocrx_word' id='word_1_492' title='bbox 1558 4322 1742 4379; x_wconf 88' lang='lat' dir='ltr'>Lehre</span> <span class='ocrx_word' id='word_1_493' title='bbox 1778 4339 1895 4380; x_wconf 94' lang='lat' dir='ltr'>von</span> <span class='ocrx_word' id='word_1_494' title='bbox 1927 4321 2032 4380; x_wconf 92' lang='lat' dir='ltr'>der</span> <span class='ocrx_word' id='word_1_495' title='bbox 2063 4322 2494 4380; x_wconf 87' lang='lat' dir='ltr'>Wirksamkeit</span> <span class='ocrx_word' id='word_1_496' title='bbox 2523 4323 2630 4382; x_wconf 90' lang='lat' dir='ltr'>der</span> <span class='ocrx_word' id='word_1_497' title='bbox 2662 4323 2816 4382; x_wconf 86' lang='lat' dir='ltr'>Sacr.</span> <span class='ocrx_word' id='word_1_498' title='bbox 2852 4319 2885 4389; x_wconf 68' lang='grc' dir='ltr'><strong>ἕ</strong></span> <span class='ocrx_word' id='word_1_499' title='bbox 2923 4333 2979 4386; x_wconf 87' lang='grc'>5.</span> 
     </span>
    </p>
   </div>
   <div class='ocr_carea' id='block_1_12' title="bbox 550 4422 3190 4862">
    <p class='ocr_par' dir='ltr' id='par_1_12' title="bbox 550 4422 3190 4862">
     <span class='ocr_line' id='line_1_44' title="bbox 731 4422 3186 4507; baseline -0 -19"><span class='ocrx_word' id='word_1_500' title='bbox 731 4422 794 4488; x_wconf 82' lang='grc'><strong>5.</strong></span> <span class='ocrx_word' id='word_1_501' title='bbox 836 4427 1102 4503; x_wconf 91' lang='lat' dir='ltr'>Denique</span> <span class='ocrx_word' id='word_1_502' title='bbox 1148 4432 1649 4487; x_wconf 86' lang='lat' dir='ltr'>sacramentorum</span> <span class='ocrx_word' id='word_1_503' title='bbox 1694 4429 2107 4487; x_wconf 88' lang='lat' dir='ltr'>convenientia</span> <span class='ocrx_word' id='word_1_504' title='bbox 2155 4429 2461 4507; x_wconf 88' lang='lat' dir='ltr'>colligitur</span> <span class='ocrx_word' id='word_1_505' title='bbox 2509 4450 2578 4489; x_wconf 85' lang='lat' dir='ltr'>ex</span> <span class='ocrx_word' id='word_1_506' title='bbox 2627 4431 2925 4489; x_wconf 85' lang='lat' dir='ltr'>Ecclesiae</span> <span class='ocrx_word' id='word_1_507' title='bbox 2978 4429 3186 4489; x_wconf 89' lang='lat' dir='ltr'>condi·</span> 
     </span>
     <span class='ocr_line' id='line_1_45' title="bbox 551 4515 3186 4594; baseline 0.002 -22"><span class='ocrx_word' id='word_1_508' title='bbox 551 4515 742 4579; x_wconf 78' lang='lat' dir='ltr'>tione:</span> <span class='ocrx_word' id='word_1_509' title='bbox 777 4535 915 4575; x_wconf 93' lang='lat' dir='ltr'>nam</span> <span class='ocrx_word' id='word_1_510' title='bbox 947 4521 1017 4574; x_wconf 86' lang='lat' dir='ltr'>ut</span> <span class='ocrx_word' id='word_1_511' title='bbox 1049 4535 1093 4575; x_wconf 92' lang='lat' dir='ltr'>s.</span> <span class='ocrx_word' id='word_1_512' title='bbox 1126 4517 1626 4594; x_wconf 86' lang='lat' dir='ltr'>Augustinus</span> <span class='ocrx_word' id='word_1_513' title='bbox 1659 4537 1703 4576; x_wconf 90' lang='lat' dir='ltr'>c.</span> <span class='ocrx_word' id='word_1_514' title='bbox 1725 4517 2010 4577; x_wconf 83' lang='lat' dir='ltr'>Faustum</span> <span class='ocrx_word' id='word_1_515' title='bbox 2029 4518 2178 4588; x_wconf 86' lang='lat' dir='ltr'>XIX,</span> <span class='ocrx_word' id='word_1_516' title='bbox 2215 4530 2276 4581; x_wconf 80' lang='grc' dir='ltr'>ι]</span> <span class='ocrx_word' id='word_1_517' title='bbox 2308 4521 2506 4577; x_wconf 86' lang='lat' dir='ltr'>notat:</span> <span class='ocrx_word' id='word_1_518' title='bbox 2558 4520 2656 4588; x_wconf 84' lang='lat' dir='ltr'>,In</span> <span class='ocrx_word' id='word_1_519' title='bbox 2688 4520 2931 4579; x_wconf 92' lang='lat' dir='ltr'>nullum</span> <span class='ocrx_word' id='word_1_520' title='bbox 2963 4537 3186 4578; x_wconf 92' lang='lat' dir='ltr'>nomen</span> 
     </span>
     <span class='ocr_line' id='line_1_46' title="bbox 550 4604 3190 4685; baseline 0.002 -24"><span class='ocrx_word' id='word_1_521' title='bbox 550 4604 859 4681; x_wconf 90' lang='lat' dir='ltr'>religionis</span> <span class='ocrx_word' id='word_1_522' title='bbox 893 4624 999 4664; x_wconf 91' lang='lat' dir='ltr'>seu</span> <span class='ocrx_word' id='word_1_523' title='bbox 1030 4625 1202 4665; x_wconf 89' lang='lat' dir='ltr'>verae</span> <span class='ocrx_word' id='word_1_524' title='bbox 1234 4624 1339 4664; x_wconf 90' lang='lat' dir='ltr'>seu</span> <span class='ocrx_word' id='word_1_525' title='bbox 1369 4605 1551 4666; x_wconf 85' lang='lat' dir='ltr'>falsae</span> <span class='ocrx_word' id='word_1_526' title='bbox 1583 4607 1884 4684; x_wconf 86' lang='lat' dir='ltr'>coagulari</span> <span class='ocrx_word' id='word_1_527' title='bbox 1910 4608 2173 4666; x_wconf 92' lang='lat' dir='ltr'>homines</span> <span class='ocrx_word' id='word_1_528' title='bbox 2205 4611 2476 4683; x_wconf 88' lang='lat' dir='ltr'>possunt,</span> <span class='ocrx_word' id='word_1_529' title='bbox 2508 4609 2627 4667; x_wconf 91' lang='lat' dir='ltr'>nisi</span> <span class='ocrx_word' id='word_1_530' title='bbox 2662 4609 2865 4683; x_wconf 90' lang='lat' dir='ltr'>aliquo</span> <span class='ocrx_word' id='word_1_531' title='bbox 2902 4607 3190 4685; x_wconf 88' lang='lat' dir='ltr'>signacu-</span> 
     </span>
     <span class='ocr_line' id='line_1_47' title="bbox 551 4693 3187 4774; baseline 0.002 -23"><span class='ocrx_word' id='word_1_532' title='bbox 551 4693 745 4752; x_wconf 90' lang='lat' dir='ltr'>lorum</span> <span class='ocrx_word' id='word_1_533' title='bbox 791 4694 886 4753; x_wconf 90' lang='lat' dir='ltr'>vel</span> <span class='ocrx_word' id='word_1_534' title='bbox 932 4699 1434 4754; x_wconf 87' lang='lat' dir='ltr'>sacramentorum</span> <span class='ocrx_word' id='word_1_535' title='bbox 1480 4695 1703 4755; x_wconf 89' lang='lat' dir='ltr'>visibili</span> <span class='ocrx_word' id='word_1_536' title='bbox 1744 4696 2043 4755; x_wconf 90' lang='lat' dir='ltr'>consortio</span> <span class='ocrx_word' id='word_1_537' title='bbox 2076 4696 2494 4774; x_wconf 81' lang='lat' dir='ltr'>colligentur.‘</span> <span class='ocrx_word' id='word_1_538' title='bbox 2561 4697 2714 4756; x_wconf 89' lang='lat' dir='ltr'>Hinc</span> <span class='ocrx_word' id='word_1_539' title='bbox 2759 4697 2856 4755; x_wconf 92' lang='lat' dir='ltr'>vel</span> <span class='ocrx_word' id='word_1_540' title='bbox 2907 4696 3187 4755; x_wconf 88' lang='lat' dir='ltr'>diabolus</span> 
     </span>
     <span class='ocr_line' id='line_1_48' title="bbox 550 4783 3187 4862; baseline 0.001 -22"><span class='ocrx_word' id='word_1_541' title='bbox 550 4786 799 4841; x_wconf 90' lang='lat' dir='ltr'>naturae</span> <span class='ocrx_word' id='word_1_542' title='bbox 832 4783 1120 4842; x_wconf 88' lang='lat' dir='ltr'>humanae</span> <span class='ocrx_word' id='word_1_543' title='bbox 1154 4784 1506 4862; x_wconf 89' lang='lat' dir='ltr'>indigentiis</span> <span class='ocrx_word' id='word_1_544' title='bbox 1553 4785 1808 4844; x_wconf 89' lang='lat' dir='ltr'>abutens</span> <span class='ocrx_word' id='word_1_545' title='bbox 1839 4785 2134 4844; x_wconf 89' lang='lat' dir='ltr'>mimicam</span> <span class='ocrx_word' id='word_1_546' title='bbox 2168 4787 2681 4845; x_wconf 85' lang='lat' dir='ltr'>sacramentalium</span> <span class='ocrx_word' id='word_1_547' title='bbox 2713 4786 2957 4845; x_wconf 33' lang='lat' dir='ltr'>rituum.</span> <span class='ocrx_word' id='word_1_548' title='bbox 2979 4785 3187 4844; x_wconf 83' lang='lat' dir='ltr'>imita·</span> 
     </span>
    </p>
   </div>
   <div class='ocr_carea' id='block_1_13' title="bbox 3532 2821 3535 3344">
    <p class='ocr_par' dir='ltr' id='par_1_13' title="bbox 3532 2821 3535 3344">
     <span class='ocr_line' id='line_1_49' title="bbox 3532 2821 3535 3344; baseline 0 0"><span class='ocrx_word' id='word_1_549' title='bbox 3532 2821 3535 3344; x_wconf 95' lang='lat' dir='ltr'> </span> 
     </span>
    </p>
   </div>
  </div>
 </body>
</html>
