3538 5364
785 306 1052 372 Quaestio
1079 308 1252 362 schol.
1279 307 1348 361 de
1375 306 1607 377 propria
1633 305 1976 360 causalitate
2008 309 2508 361 sacramentorum.
2820 316 2944 380 221

498 490 567 557 2.
602 485 848 552 Sensus
879 487 1188 553 formulae
1221 495 1336 565 est,
1382 488 1503 569 ipsi
1534 488 1684 551 ritui
1714 488 2171 553 sacramentali
2202 487 2553 551 secundum
2589 487 2820 553 Christi
2853 490 2948 553 in-

318 596 722 661 stitutionem
771 594 1055 659 adhibito
1097 596 1225 659 vim
1275 595 1486 661 inesse
1532 595 1805 675 gratiam
1854 594 2257 659 infundendi:
2304 613 2433 658 non
2481 603 2742 676 propter
2787 614 2949 678 opus

320 702 654 784 operantis
686 702 822 766 sive
853 702 1123 766 ministri
1155 703 1287 767 sive
1307 703 1708 784 suscipientis
1749 710 2178 779 sacramenta,
2214 702 2328 766 sed
2347 703 2409 764 vi
2430 701 2589 765 ritus
2610 722 2725 767 seu
2744 704 2949 766 actio-

317 809 418 872 nis
452 809 946 873 sacramentalis
966 810 1237 889 gratiam
1258 809 1549 885 conferri,
1584 809 1858 892 ideoque
1891 816 2453 873 sacramentorum
2472 809 2773 874 virtutem
2809 829 2950 875 esse

318 916 864 997 independentem
907 935 1040 979 non
1084 915 1338 998 quidem
1392 933 1432 979 a
1464 913 1700 997 Spiritu
1733 923 1979 992 sancto,
2029 917 2137 998 qui
2183 922 2591 982 sacramento
2624 916 2820 981 veluti
2853 918 2949 981 in-

318 1029 685 1088 strumento
718 1024 934 1098 utitur,
967 1023 1080 1086 sed
1112 1040 1153 1086 a
1189 1022 1459 1087 ministri
1496 1024 1818 1106 probitate
1850 1030 1915 1088 et
1945 1024 2214 1104 subJecti
2251 1024 2687 1105 dispositione,
2720 1042 2950 1106 quam-

319 1131 415 1193 vis
459 1130 628 1195 haec
673 1129 1033 1212 requiratur
1077 1130 1161 1193 ad
1191 1131 1585 1195 removenda
1629 1130 2102 1213 impedimenta,
2148 1149 2313 1213 quae
2362 1131 2622 1196 obstare
2669 1139 2951 1212 possent,

320 1238 670 1320 quominus
702 1243 1109 1301 sacramenta
1140 1255 1326 1301 suam
1372 1244 1672 1302 exserant
1718 1237 2090 1301 efficaciam.
2154 1236 2365 1316 Quare
2415 1256 2576 1319 opus
2610 1246 2952 1319 operatum

321 1350 422 1408 est
451 1362 619 1426 opus
653 1349 1005 1420 externum,
1027 1344 1091 1407 in
1124 1350 1430 1426 quantum
1466 1362 1507 1407 a.
1527 1344 1659 1410 Deo
1693 1346 2041 1409 assumitur
2072 1345 2135 1407 in
2168 1344 2666 1409 instrumentum
2688 1345 2771 1409 ad
2805 1364 2951 1426 gra-

320 1453 452 1516 tiae
483 1451 979 1533 productionem
1011 1458 1076 1516 et
1108 1451 1451 1532 opponitur
1482 1452 1557 1527 ei,
1605 1452 1779 1534 quod
1812 1471 1891 1515 ex
1924 1470 2119 1533 opere
2156 1452 2484 1533 operantis
2518 1452 2553 1515 i.
2589 1472 2642 1517 e.
2674 1453 2953 1517 hominis

321 1558 586 1640 propria
614 1557 850 1622 virtute
895 1557 1225 1639 operantis
1268 1556 1558 1623 valorem
1602 1558 1814 1622 habet.
1880 1557 1966 1622 Cf.
2017 1557 2414 1623 Schazler
2455 1560 2557 1623 die
2588 1559 2792 1626 Lehre
2824 1579 2953 1624 von

323 1665 436 1730 der
466 1663 864 1727 Wirksamk.
898 1664 1012 1728 der
1043 1662 1217 1728 Sacr.
1253 1668 1286 1749 ξ
1329 1673 1359 1734 1
1395 1685 1477 1728 ss,

502 1788 729 1871 Neque
761 1791 824 1857 3.
870 1789 1129 1870 probari
1175 1795 1387 1871 potest
1433 1790 1840 1872 quorundam
1889 1791 2357 1854 catholicorum
2392 1790 2750 1873 explicatiO,
2786 1812 2951 1875 quae

324 1896 520 1961 refert
550 1913 715 1978 opus
747 1916 785 1959 o
801 1915 842 1978 p
859 1902 1176 1960 eratum
1206 1896 1290 1960 ad
1311 1916 1495 1978 opus,
1517 1898 1689 1980 quod
1711 1897 2000 1961 Christus
2022 1906 2325 1978 operatus
2350 1897 2531 1963 estin
2553 1916 2763 1973 cruce,
2787 1899 2951 1964 adeo

326 2010 396 2067 ut
409 2022 645 2068 sensus
660 2003 763 2079 sit,
781 2009 1187 2066 sacramenta
1204 2001 1493 2069 conferre
1510 2004 1783 2083 gratiam
1797 2022 1875 2067 ex
1899 2005 2198 2085 passione
2225 2009 2419 2085 atque
2440 2006 2681 2070 meritis
2700 2003 2954 2079 Christi,

324 2110 426 2177 vel
465 2130 550 2176 ex
600 2110 999 2176 institutione
1032 2110 1262 2176 Christi
1295 2112 1394 2177 vel
1441 2132 1520 2177 ex
1566 2112 1874 2177 thesauro
1922 2112 2303 2176 meritorum
2337 2111 2570 2176 Christi
2604 2111 2953 2198 (Hilgers

328 2215 775 2300 Symbolische
807 2220 1022 2285 Theol.
1056 2240 1113 2301 p.
1152 2223 1320 2307 157).
1382 2219 1688 2299 Quamvis
1723 2221 1891 2285 enim
1924 2221 2088 2284 haec
2121 2238 2273 2285 vera
2306 2220 2449 2294 sint,
2482 2239 2613 2284 non
2649 2222 2701 2284 is
2734 2229 2949 2287 tamen

329 2334 426 2391 est
458 2327 773 2407 genuinus
819 2327 1128 2394 formulae
1173 2348 1418 2404 sensus,
1466 2348 1656 2411 quem
1687 2328 1961 2393 intendit
1992 2327 2334 2391 concilium
2384 2327 2951 2392 tridentinum.

507 2474 635 2533 Hoc
665 2476 825 2534 enim
856 2476 920 2534 in
952 2494 1134 2536 sensu
1164 2492 1227 2542 a.
1257 2477 1513 2535 formula
1543 2495 1661 2535 non
1682 2476 1938 2552 amplius
1959 2476 2431 2552 praerogativam
2451 2480 2951 2534 sacramentorum

331 2564 627 2639 propriam
663 2565 1020 2641 designaret,
1068 2584 1203 2624 cum
1248 2566 1426 2625 etiam
1466 2584 1645 2640 opera
1676 2566 1980 2624 meritoria
2011 2566 2120 2623 hoc
2151 2564 2326 2623 modo
2358 2563 2667 2623 conferant
2698 2565 2951 2641 gratiam

329 2652 823 2725 sanctificantem;
870 2673 1062 2731 neque
1095 2653 1164 2719 b.
1199 2674 1266 2714 ea
1296 2657 1455 2714 esset
1486 2655 1709 2714 directa
1738 2656 2021 2714 adversus
2053 2652 2515 2731 protestantium
2551 2671 2797 2722 cuprea,
2846 2654 2953 2729 qui

329 2742 387 2799 id
433 2761 558 2800 non
601 2750 852 2819 negant3
904 2761 1097 2819 neque
1143 2760 1208 2808 c.
1255 2746 1539 2803 adversus
1570 2763 1671 2804 eos
1703 2744 2035 2803 vindicaret
2066 2745 2393 2803 doctrinam
2425 2743 2792 2813 catholicam,
2846 2743 2952 2817 qui

328 2835 527 2890 tamen
562 2832 682 2890 fuit
711 2851 924 2909 scopus
956 2834 1189 2893 concilii
1218 2833 1283 2892 in
1315 2853 1382 2892 ea
1414 2834 1665 2892 formula
1697 2834 2041 2902 sancienda;
2085 2833 2344 2909 denique
2378 2828 2449 2894 d.
2486 2832 2625 2891 haec
2656 2833 2950 2908 interpre-

329 2921 476 2978 tatio
508 2921 902 2981 adversantur
933 2923 1227 2981 communi
1263 2923 1678 3000 theologorum
1709 2923 1927 2981 sensui.

506 3039 575 3107 4.
613 3039 830 3104 Virtus
862 3042 1281 3107 sacramentis
1312 3040 1572 3123 propria
1602 3037 1833 3120 triplici
1866 3040 1992 3102 alia
2025 3039 2299 3103 formula
2320 3040 2586 3121 exprimi
2609 3038 2789 3114 solet,
2822 3040 2953 3103 scil.

329 3153 743 3211 sacramenta
771 3146 874 3212 vel
905 3149 1357 3226 continere,
1393 3149 1490 3212 vel
1523 3146 1923 3223 conferre,
1958 3147 2057 3211 vel
2091 3148 2418 3228 operari
2451 3147 2741 3227 gratiam.

508 3276 657 3341 259.
690 3270 982 3349 Quaestio
1026 3271 1394 3336 scholastica
1442 3272 1517 3334 de
1541 3272 1817 3356 propria
1864 3271 2241 3334 causalitate
2272 3277 2825 3335 sacramentorum.
2868 3312 2956 3319 —

329 3379 423 3442 Ex
453 3379 769 3444 hactenus
801 3379 984 3443 dictis
1029 3379 1185 3442 satis
1214 3379 1415 3461 liquet
1446 3378 1700 3443 admitti
1732 3396 1865 3441 non
1897 3395 2089 3458 posse
2122 3377 2494 3458 opinionem
2527 3376 2797 3454 illorum,
2844 3379 2954 3460 qui

332 3492 891 3551 sacramentorum
910 3484 1355 3550 causalitatem
1375 3492 1687 3551 revocant
1706 3485 1788 3548 ad
1810 3502 2055 3549 meram
2075 3484 2401 3548 rationem
2435 3502 2470 3547 c
2488 3502 2526 3547 o
2545 3504 2588 3547 n
2604 3483 2812 3547 ditio
2831 3505 2868 3548 n
2888 3486 2954 3547 is

332 3593 765 3657 velcausae
810 3592 946 3657 sine
988 3611 1117 3675 qua
1160 3611 1292 3656 non
1325 3592 1426 3679 (cf.
1472 3613 1519 3655 S.
1567 3592 1922 3656 Thomas
1969 3593 2033 3654 in
2080 3596 2137 3658 4.
2185 3591 2241 3653 d.
2297 3595 2422 3672 lq.
2483 3598 2606 3658 la.
2654 3595 2697 3657 4
2729 3591 2843 3672 qcl.
2879 3596 2956 3666 4·‚

332 3700 544 3782 quodl.
585 3705 665 3768 12
700 3717 755 3762 a.
797 3704 908 3771 14:
942 3703 1002 3775 3,
1034 3719 1091 3780 p.
1126 3719 1183 3781 q.
1217 3705 1303 3769 62
1336 3718 1390 3762 a.
1430 3700 1511 3785 1),
1558 3717 1686 3781 qua
1719 3698 1849 3762 scil.
1882 3697 2100 3779 posita
2135 3697 2308 3762 Deus
2354 3696 2493 3778 ipse
2528 3704 2831 3777 operatur
2864 3698 2954 3761 ef-

333 3804 569 3871 fectum
601 3807 747 3887 ipsa
776 3807 950 3871 nullo
971 3807 1165 3870 modo
1201 3806 1284 3870 ad
1304 3807 1600 3872 effectum
1620 3804 2104 3887 producendum
2125 3808 2565 3868 concurrente.
2601 3802 2781 3866 Hanc
2813 3808 2955 3868 tue-

331 3919 436 3977 tur
466 3932 563 3978 ex.
596 3932 684 3993 gr.
718 3912 1009 3978 Petrus
1041 3913 1121 3977 de
1152 3913 1397 3977 Alliaco
1431 3914 1496 3976 in
1527 3918 1585 3980 4.
1620 3913 1678 3975 d.
1716 3918 1748 3980 1
1788 3932 1843 3994 q.
1886 3918 1916 3980 1
1941 3929 1997 3975 a.
2041 3920 2092 3988 l,
2125 3919 2190 3976 et
2221 3912 2307 3975 ad
2340 3929 2485 3974 eam
2518 3909 2828 3974 accedere
2860 3912 2955 3973 vi-

334 4020 568 4085 dentur
597 4039 647 4083 s.
680 4020 1270 4084 Bonaventura
1302 4019 1368 4082 in
1397 4025 1457 4087 4.
1493 4019 1548 4082 d.
1592 4025 1622 4087 1
1660 4039 1717 4101 q.
1750 4024 1826 4094 43
1860 4017 2163 4082 Scotus
2195 4019 2260 4081 in
2292 4025 2350 4085 4.
2385 4018 2442 4080 d.
2482 4021 2514 4083 1
2551 4037 2607 4099 q.
2638 4023 2699 4084 4.
2733 4022 2775 4086 5
2810 4035 2955 4079 cum

332 4145 452 4191 sua
483 4127 725 4202 schola,
759 4126 1191 4191 Durandus
1222 4127 1288 4189 in
1319 4131 1362 4194 4
1394 4126 1451 4189 d.
1490 4133 1522 4195 1
1560 4147 1617 4209 q.
1650 4130 1693 4193 4
1726 4132 1842 4190 etc.
1876 4126 1969 4188 Ea
2000 4125 2054 4188 si
2086 4143 2216 4188 non
2248 4123 2502 4187 confixa
2535 4123 2650 4187 fuit
2682 4123 2955 4188 decretis

333 4253 514 4298 conc.
546 4232 894 4309 tridentini,
941 4233 1217 4315 graviter
1260 4234 1485 4298 saltem
1533 4239 1632 4297 est
1664 4234 2015 4298 vulnerata.
2064 4270 2152 4279 -
2184 4230 2357 4295 Vera
2408 4237 2626 4295 autem
2673 4230 2957 4294 admissa

332 4341 716 4408 causalitate
748 4342 1218 4407 instrumentali
1248 4349 1805 4406 sacramentorum
1838 4346 2043 4405 restat
2074 4340 2370 4422 quaestio
2406 4337 2755 4402 admodum
2786 4336 2954 4400 sale-

333 4446 551 4524 brosa,
583 4466 799 4530 quam,
844 4456 915 4513 ut
955 4450 1161 4532 inquit
1202 4449 1417 4530 Lugo
1450 4449 1508 4513 d.
1542 4454 1584 4515 4
1615 4469 1664 4511 S.
1697 4454 1756 4525 4,
1805 4466 1924 4511 sua
1969 4448 2379 4511 contentione
2421 4454 2486 4512 et
2519 4444 2951 4527 disputatione

334 4555 758 4620 celebriorem
788 4555 1205 4620 reddiderunt
1237 4553 1543 4621 Suarez
1577 4561 1641 4619 et
1672 4555 1728 4618 V
1747 4573 2001 4636 asque
2020 4574 2072 4630 Ζ,
2120 4560 2333 4617 utrum
2380 4553 2511 4617 scil.
2544 4558 2955 4615 sacramenta

333 4662 466 4726 sint
495 4679 734 4727 causae
766 4662 1282 4727 instrumentales
1313 4662 1516 4744 phys
1537 4662 1716 4726 icae
1752 4680 1836 4724 an
1868 4660 2126 4723 moral
2145 4679 2225 4724 es
2259 4660 2522 4738 gratiae,
2570 4676 2764 4739 quam
2797 4674 2955 4719 con-

336 4769 568 4834 ferunt.
