3538 5364
561 347 691 411 (3ss2
853 338 1038 391 Tract.
1065 337 1127 391 X.
1157 337 1227 391 de
1254 336 1370 391 Dco
1399 339 1875 390 consummatore.
1903 336 2102 391 Thesis
2129 336 2515 391 CCLXXVIII.
2546 336 2889 392 Chiliasmus

560 519 732 585 cedit
756 521 1074 601 justorum
1106 518 1466 598 ingressum
1498 518 1564 581 in
1594 515 1878 582 coelum:
1911 535 2112 599 quare
2146 517 2312 581 inter
2343 518 2518 591 illum
2551 524 2615 582 et
2645 518 2817 582 hunc
2849 518 3063 583 nullus
3085 526 3195 584 est

560 627 739 690 locus
802 626 1117 707 ejusmodi
1177 643 1375 706 regno
1439 626 1836 691 intermedio.
1917 626 2101 705 Quod
2163 632 2234 690 ut
2293 627 2621 709 probetur,
2684 627 3031 693 tenendum
3084 636 3187 692 est

560 754 622 802 a.
656 731 1051 814 Scripturam
1101 739 1164 796 et
1209 732 1560 796 Ecclesiam
1608 734 1978 797 universam
2023 751 2415 812 cognoscere
2464 733 2880 815 duplicem
2931 742 3196 799 tantum

559 840 873 905 visibilem
905 839 1139 903 Christi
1172 840 1538 915 adventurn,
1571 839 1879 904 humilem
1911 839 2189 921 primum
2222 859 2338 921 per
2373 840 2887 905 incarnationem
2907 841 2991 905 ad
3012 842 3183 907 redi-

559 947 884 1023 mendum,
933 946 1206 1011 alterum
1255 946 1602 1027 gloriosum
1654 946 1736 1009 ad
1781 946 2203 1028 judicandum
2251 965 2453 1027 genus
2490 947 2855 1011 humanum
2898 947 3087 1013 Hebr.
3122 953 3199 1024 9,

559 1059 645 1121 26
677 1074 759 1118 ss.
831 1053 1041 1127 ³‚Duos
1074 1073 1215 1119 esse
1248 1055 1566 1120 adventus
1599 1054 1855 1118 Domini
1890 1052 2260 1127 SalvatoriS,
2303 1054 2525 1118 scribit
2558 1053 3186 1141 Hieronymus2)‚

560 1167 620 1225 et
656 1160 875 1224 omnia
905 1162 1369 1242 prophetarum
1401 1161 1638 1226 docent
1669 1148 2001 1224 volumina
2034 1167 2100 1225 et
2130 1158 2629 1240 Evangeliorum
2650 1161 2826 1238 fides..
2860 1156 3032 1244 quod
3051 1163 3193 1243 pri-

559 1287 735 1331 mum
768 1268 832 1331 in
863 1268 1221 1332 humilitate
1253 1268 1503 1333 venerit
1534 1275 1599 1332 et
1630 1276 1861 1349 postea
1894 1268 1976 1330 sit
2006 1274 2318 1332 venturus
2350 1268 2415 1330 in
2447 1267 2703 1348 glorias
2767 1267 2981 1347 Quare
3015 1287 3202 1331 unus-

558 1382 813 1439 tantum
846 1374 1055 1439 adhuc
1089 1364 1557 1459 exspectandus
1593 1381 1689 1439 est
1720 1373 1957 1438 Christi
1990 1373 2323 1439 adventus.
2358 1375 2427 1444 b.
2460 1373 2528 1437 In
2562 1374 2683 1438 hoc
2717 1375 3016 1450 adventa,
3051 1393 3185 1438 non

559 1482 669 1546 diu
699 1489 945 1563 postea,
972 1480 1286 1563 judicabit
1318 1479 1606 1543 Christus
1637 1482 1819 1543 vivos
1852 1485 1916 1544 et
1949 1485 2254 1543 mortuos,
2317 1479 2453 1543 Hoc
2498 1478 2849 1561 colligimus
2895 1500 2975 1545 ex
3007 1498 3195 1561 sym-

557 1588 741 1663 bolis,
772 1589 837 1651 in
871 1588 1104 1670 quibus
1135 1586 1527 1669 profitemur,
1562 1605 1708 1651 eum
1740 1593 2091 1650 venturum
2112 1605 2255 1651 esse
2281 1585 2513 1667 jndic
2533 1604 2670 1653 are
2704 1588 2858 1672 (non
2884 1589 3193 1672 regnare)

557 1695 739 1758 vivos
773 1702 838 1759 et
869 1700 1175 1758 mortuos,
1239 1694 1464 1759 Intime
1515 1712 1666 1774 ergo
1719 1694 2074 1757 cohaerent
2106 1691 2344 1757 Christi
2395 1692 2712 1756 adventus
2763 1700 2827 1758 et
2852 1693 3193 1775 judicium..

554 1802 680 1864 hoc
712 1801 876 1865 illius
909 1808 1008 1866 est
1038 1819 1303 1881 scopus:
1336 1800 1608 1883 ideoque
1636 1800 1946 1881 judicium
1979 1818 2173 1881 saepe
2206 1818 2355 1863 cum
2390 1799 2595 1864 altero
2629 1798 2867 1864 Christi
2899 1801 3183 1866 adventu

556 1907 991 1989 conjungitur:
1047 1908 1253 1972 Filius
1282 1908 1550 1970 hominis
1579 1914 1879 1972 venturus
1911 1915 1997 1970 est
2029 1909 2097 1970 in
2123 1910 2335 1990 yloria
2369 1908 2588 1972 Patris
2619 1910 2719 1970 sui
2750 1928 2890 1969 cum
2923 1907 3196 1990 anqelisr

558 2023 613 2077 et
654 2016 832 2082 tunc
865 2015 1079 2078 reddet
1109 2016 1443 2100 unicuique
1491 2014 1829 2078 secundum
1878 2034 2067 2098 ope-ra
2102 2015 2235 2093 ejus
2264 2013 2487 2078 Matth.
2528 2020 2626 2091 16,
2659 2019 2777 2088 273
2823 2014 2897 2077 ef.
2932 2019 2990 2082 2.
3023 2014 3182 2077 Tim.

558 2128 618 2197 4,
659 2131 725 2198 13
761 2140 855 2203 ep.
887 2121 1027 2186 Jud.
1061 2142 1116 2184 v.
1149 2126 1192 2188 4
1226 2129 1342 2185 etc,
1377 2120 1537 2184 Hinc
1571 2121 2087 2202 Augustinus
2120 2121 2201 2184 ad
2223 2121 2565 2184 Dulcitium
2586 2121 2623 2184 l.
2660 2122 2738 2184 de
2761 2127 2908 2184 octo
2932 2127 3195 2203 quaest-

559 2249 614 2311 q.
649 2233 690 2297 3
722 2248 782 2291 n.
816 2234 888 2296 2:
960 2227 1488 2307 ,Interrogationi
1536 2234 1706 2303 tuae,
1751 2246 1881 2309 qua
1931 2229 2206 2309 quaeris
2251 2234 2465 2291 utrum
2512 2228 2577 2291 in
2610 2227 2895 2292 adventu
2926 2227 3189 2292 Domini

558 2346 739 2398 mo·x
789 2332 1177 2399 credendum
1227 2334 1310 2397 sit
1357 2333 1641 2398 futurum
1687 2352 1830 2397 esse
1874 2333 2203 2414 judicium,
2257 2341 2431 2415 put0,
2483 2334 2656 2417 quod
2703 2333 2976 2398 sufficiat
3022 2332 3211 2413 fides·

557 2438 846 2521 symboli,
893 2457 1023 2521 qua
1067 2438 1462 2516 confitemur,
1497 2437 1820 2503 Christum
1868 2458 1908 2502 a
1953 2438 2170 2503 Patris
2217 2440 2485 2504 dextera
2530 2459 2674 2506 esse
2724 2447 3067 2505 venturum
3099 2441 3189 2503 ad

556 2546 735 2610 vivos
769 2551 833 2610 et
863 2552 1154 2609 mortuos
1180 2546 1581 2627 judicandos
1646 2545 1807 2609 Cum
1856 2565 2006 2627 ergo
2052 2547 2194 2628 ipsa
2244 2548 2325 2610 sit
2356 2548 2414 2612 ei
2447 2565 2647 2611 causa
2679 2547 2995 2623 veniendi,
3030 2547 3191 2630 quid

559 2652 734 2717 aliud
765 2659 1026 2717 acturus
1058 2659 1157 2718 est
1189 2672 1339 2718 mox
1384 2661 1454 2718 ut
1498 2655 1761 2730 venerit,
1810 2654 1930 2718 nisi
1963 2660 2225 2736 propter
2257 2655 2429 2737 quod
2461 2655 2757 2721 venietP«
2829 2654 2916 2719 Cf.
2950 2635 3032 2719 de
3066 2656 3180 2719 civ.

556 2758 671 2823 Dei
701 2759 838 2835 XX,
879 2766 930 2827 1.
993 2760 1308 2824 Judicium
1356 2779 1510 2824 vero
1544 2761 1669 2824 hoc
1703 2780 1765 2828 c.
1801 2779 1931 2824 non
1964 2761 2053 2823 ita
2085 2761 2468 2838 instituetur,
2500 2762 2572 2825 ut
2603 2762 2953 2843 separatim
2988 2769 3053 2827 et
3087 2762 3179 2825 di-

555 2885 745 2930 verso
779 2873 1068 2948 tempore
1095 2867 1251 2947 justi
1284 2873 1349 2931 et
1376 2866 1556 2947 impii
1581 2867 1967 2948 judicentur,
2018 2868 2135 2931 sed
2167 2868 2453 2931 omnium
2479 2868 2789 2949 judicium
2821 2869 3008 2933 simul
3043 2869 3191 2933 erit-

555 2973 743 3053 Quod
772 2975 1122 3054 colligimus
1155 2993 1234 3038 ex
1284 2974 1712 3055 descriptione
1752 2975 1973 3055 judicii
2026 2974 2405 3039 universalis
2436 2975 2655 3039 Matth.
2691 2981 2794 3051 25,
2833 2981 2915 3045 32
2946 2996 3026 3039 ss,
3062 2976 3185 3039 col.

553 3081 647 3145 Jo.
682 3084 742 3155 ὃ,
776 3087 857 3150 27
892 3101 973 3145 ss.
1009 3082 1092 3167 (n.
1131 3082 1316 3166 700):
1365 3082 1513 3145 hinc
1563 3088 1835 3145 testatur
1868 3080 2104 3145 Paulus
2156 3081 2296 3145 Act.
2335 3087 2432 3156 17,
2469 3087 2570 3159 31,
2624 3081 2828 3146 Deum
2878 3082 3182 3147 statuisse

555 3189 741 3267 diem,
774 3190 839 3253 in
873 3208 1002 3271 quo
1047 3190 1451 3270 judicaturus
1498 3197 1599 3254 est
1650 3190 1873 3254 orbem
1925 3199 2031 3280 τὴν
2084 3191 2439 3280 οἰκουμένην
2488 3192 2554 3254 in
2599 3191 2941 3272 aequitate.
3002 3187 3183 3252 Neve

555 3297 628 3364 d.
663 3297 806 3377 quis
837 3303 1014 3378 putet
1052 3295 1284 3360 Christi
1315 3297 1666 3360 adventum
1699 3297 2081 3360 duraturum
2128 3316 2270 3362 esse
2318 3315 2525 3361 annos
2576 3297 2776 3361 mille:
2829 3297 2956 3360 hoc
3009 3296 3186 3359 enim

553 3404 895 3467 manifesto
929 3405 1125 3483 gratis
1161 3403 1484 3478 asseritur,
1517 3405 1648 3466 imo
1683 3403 1994 3467 adversus
2027 3402 2355 3468 Ecclesiae
2393 3411 2458 3469 et
2490 3404 2769 3469 fidelium
2802 3420 3085 3477 sensum,
3120 3409 3187 3466 et

555 3509 936 3573 adversatur
966 3510 1060 3587 iis³
1094 3529 1260 3592 quae
1292 3511 1607 3574 hactenus
1653 3509 2068 3591 probavimus
2115 3510 2193 3574 de
2247 3511 2617 3576 immediata
2646 3511 3051 3574 connexione
3077 3510 3183 3591 ju·

555 3616 705 3680 dicii
736 3634 883 3680 cum
918 3617 1197 3681 adventu
1231 3616 1463 3681 Christi
1509 3617 1717 3699 deque
1762 3618 2010 3681 unitate
2038 3616 2277 3698 judicii.
2342 3619 2634 3698 Regnum
2667 3637 2728 3686 e.
2763 3616 2946 3698 cujus
2977 3617 3183 3698 parti-

554 3724 727 3804 cipes
760 3723 1110 3789 reddentur
1141 3724 1347 3788 sancti
1378 3723 1444 3786 in
1477 3725 1599 3787 hoc
1625 3723 1887 3805 judicio,
1919 3742 2051 3787 non
2087 3730 2184 3787 est
2213 3742 2484 3804 regnum
2515 3723 2958 3799 millenarium,
2981 3723 3096 3787 sed
3116 3723 3184 3785 in

560 3830 757 3895 coelis
791 3837 1144 3907 aeternum,
1176 3837 1247 3894 ut
1278 3837 1458 3912 patet
1490 3848 1569 3894 ex
1601 3830 1815 3894 verbis
1843 3829 2073 3911 judicis
2105 3831 2328 3894 Matth.
2364 3834 2466 3908 25,
2501 3836 2603 3900 34.
2666 3830 2828 3911 Ergo
2861 3831 2915 3893 si
2948 3828 3187 3893 Christi

555 3937 902 4002 adventum
935 3937 1301 4002 immediate
1335 3937 1608 4019 excipiet
1645 3936 1977 4019 judicium,
2023 3937 2149 4001 hoc
2197 3945 2412 4002 autem
2460 3939 2783 4019 ingressus
2815 3938 2880 3999 in
2912 3955 3189 4017 regnum

554 4043 851 4119 coeleste,
884 4042 1047 4107 salso
1080 4062 1345 4125 prorsus
1376 4044 1634 4124 fingitur
1681 4063 1950 4124 regnum
2002 4044 2425 4108 millenarium
2474 4044 2940 4108 intermedium.
3004 4040 3190 4106 Sicut

555 4149 724 4212 enim
758 4149 927 4217 inter
952 4149 1259 4231 judicium
1292 4157 1354 4214 et
1386 4151 1743 4231 ingressum
1790 4152 1857 4214 in
1901 4149 2217 4216 infernum
2262 4151 2471 4215 nullus
2505 4158 2601 4216 est
2632 4158 2842 4215 status
2873 4152 3187 4216 interme-

554 4256 711 4332 dius,
745 4256 836 4319 ita
868 4275 1076 4339 neque
1110 4258 1275 4321 inter
1306 4257 1457 4321 illud
1490 4265 1555 4322 et
1586 4258 1945 4338 ingressum
1977 4258 2041 4321 in
2063 4276 2331 4339 regnum
2364 4259 2660 4324 coeleste.
2695 4257 2918 4341 Neque
2950 4259 3005 4327 f.
3037 4278 3185 4339 reg-

554 4381 708 4425 num
740 4352 1162 4427 millenarium
1194 4365 1538 4445 praecedet
1557 4365 1909 4429 adventum
1931 4363 2181 4441 Christi,
2219 4382 2365 4428 cum
2400 4364 2524 4428 hoc
2545 4366 2627 4429 sit
2646 4355 2872 4430 contra
2894 4365 3183 4446 ipsorum

554 4469 990 4534 chiliastarum
1022 4471 1449 4553 hypothesim,
1482 4471 1838 4535 secundum
1871 4490 2032 4552 quos
2081 4471 2218 4553 ipse
2252 4471 2539 4536 Christus
2571 4472 2721 4536 illud
2754 4471 3188 4552 inaugurabit‚
3302 4509 3309 4514 ·

554 4581 617 4639 et
648 4582 874 4638 contra
908 4578 1141 4653 omnia,
1176 4596 1343 4659 quae
1375 4597 1431 4659 p.
1466 4577 1762 4658 sequenti
1794 4576 2098 4641 dicemus

777 4749 810 4816 ¹)
840 4744 1022 4814 Epist.
1055 4750 1146 4798 121
1181 4760 1227 4795 c.
1258 4751 1340 4798 ll.
1393 4744 1475 4798 Cf.
1503 4743 1764 4797 Justin
1789 4762 1861 4797 us
1887 4745 2055 4812 Apol.
2087 4751 2109 4798 1
2143 4765 2197 4800 n.
2227 4750 2322 4806 52;
2378 4743 2714 4813 Cyrillus
2743 4745 2947 4799 hieros.
2975 4747 3084 4799 cat.
3121 4752 3187 4799 15

555 4845 606 4877 n.
639 4832 658 4878 1
694 4842 767 4886 S.;
797 4824 1385 4892 Chrysostomus
1415 4826 1563 4878 hom.
1592 4835 1621 4880 5
1654 4824 1712 4877 in
1741 4841 1829 4894 cp.
1859 4825 1931 4877 ad
1960 4823 2070 4877 Tit.
2100 4843 2153 4878 n.
2189 4833 2235 4879 1.
