3538 5364
564 245 702 309 644
1002 235 1186 290 Tract.
1215 236 1281 291 X.
1308 235 1378 289 de
1406 233 1522 289 Deo
1549 236 2023 288 consummatore.
2051 232 2132 289 De
2159 232 2391 289 dotibus
2419 236 2479 289 et
2501 233 2768 291 aureolis,

571 422 907 499 praemium
950 422 1174 499 gloriae
1218 421 1549 480 mensurari
1580 420 1941 498 antiquitate
1969 421 2311 493 vocationis,
2356 439 2464 480 nec
2507 420 2908 481 diuturnitate
2949 422 3190 494 laboris,

578 512 682 573 sed
712 512 928 571 habere
959 512 1150 570 Deum
1181 511 1360 570 aliam
1389 510 1681 580 rationem
1711 510 2003 587 altiorem,
2037 510 2347 587 fundatam
2365 509 2655 585 quidem
2639 530 2705 569 ιιι
2734 511 3049 571 voluntate
3079 528 3193 572 sua

579 605 641 660 et
684 601 964 672 dominic,
1013 601 1177 660 salva
1218 602 1420 659 tamen
1450 618 1682 677 semper
1711 599 1941 659 ratione
1968 558 2283 675 justitiae
2266 619 2329 658 ιιι
2358 598 2693 660 redditione
2722 600 2990 677 praemii.
3006 608 3035 640 ‘
3098 601 3192 660 Ita

581 686 859 750 Suarez
890 690 961 749 de
992 690 1115 748 Deo
1144 690 1219 762 ΙΙ,
1255 698 1336 752 20
1369 709 1427 748 ιι.
1466 697 1562 751 12.
1608 687 1701 747 Ad
1732 708 1861 748 rem
1892 690 2238 748 Becanus
2269 709 2325 765 p.
2366 700 2391 751 1
2431 691 2601 752 tract.
2642 701 2667 751 1
2708 707 2754 751 c.
2792 699 2827 752 9
2861 708 2917 765 q.
2952 700 2989 753 9
3023 709 3080 752 n.
3115 698 3190 753 3:

581 780 809 850 ,Aliud
839 782 932 839 est
963 780 1121 856 plus
1132 780 1194 838 et
1224 778 1477 855 longiori
1507 780 1771 854 tempore
1801 777 2101 849 laborare,
2129 776 2296 838 aliud
2326 777 2464 854 plus
2494 779 2724 837 mereri.
2787 777 3006 837 Judaei
3047 779 3193 855 plus

573 868 1019 940 laboraverunt,
1038 866 1357 927 >christiani
1387 867 1522 943 plus
1551 870 1876 930 merentur.
1940 866 2109 926 Unde
2137 868 2247 927 boc
2262 870 2291 925 ‘i
2336 867 2479 943 quia
2508 866 2791 928 meritum
2821 886 2943 927 non
2973 867 3195 928 funda-

579 962 684 1017 tur
712 959 774 1017 in
806 960 1047 1018 externo
1077 958 1277 1016 labore
1308 959 1370 1016 et
1399 956 1813 1016 observatione
1841 956 2041 1033 legali,
2075 956 2182 1016 sed
2213 956 2279 1016 in
2308 956 2503 1033 gratia
2528 959 2594 1016 et
2623 956 2892 1020 caritate.
2940 957 3013 1015 In
3030 956 3105 1021 N.
3123 957 3199 1016 Τ.

578 1048 765 1123 major
793 1049 855 1107 et
883 1046 1185 1123 potentior
1202 1048 1296 1105 est
1314 1046 1508 1123 gratia
1523 1048 1771 1122 propter
1786 1046 2183 1123 praesentiam
2202 1046 2438 1118 Christi,
2470 1065 2650 1123 quam
2670 1045 2855 1105 fuerit
2884 1046 2949 1105 in
2980 1046 3196 1118 veteri,

569 1135 714 1196 'cum
746 1133 1012 1195 Christus
1044 1140 1250 1195 auctor
1277 1135 1502 1213 gratiae
1531 1134 1799 1194 nondum
1830 1127 2148 1199 venisset-‚⁸
2211 1134 2294 1200 Of.
2338 1135 2709 1194 Petavius
2741 1135 2869 1208 VII,
2909 1147 2985 1198 10
3022 1154 3069 1196 s.
3099 1135 3199 1196 ed.

580 1225 988 1303 Passaglia
1037 1242 1173 1284 cum
1203 1224 1453 1301 append.
1484 1224 1734 1300 adjecta.
1797 1219 1866 1287 4.
1915 1227 2258 1301 Supponere
2304 1224 2456 1295 licet,
2504 1224 2861 1284 novissimos
2908 1224 3199 1283 habuisse

577 1315 734 1374 idem
753 1314 1035 1373 meritum
1053 1333 1119 1373 ac
1137 1313 1380 1390 primos,
1399 1312 1653 1389 ideoque
1670 1312 1831 1371 idem
1850 1313 2140 1390 accepisse
2157 1313 2516 1389 praemium:
2544 1332 2683 1371 nam
2703 1313 2974 1373 Christus
2994 1314 3197 1373 voluit

572 1403 800 1475 docere,
846 1403 1072 1463 nemini
1116 1402 1331 1461 damno
1362 1402 1639 1461 futurum
1669 1401 1997 1464 vocationis
2027 1405 2284 1479 tempus,
2330 1421 2466 1462 cum
2510 1402 2824 1462 novissimi
2865 1402 2953 1462 ita
2995 1404 3200 1479 gratia

576 1494 779 1553 divina
808 1493 1040 1570 possint
1068 1491 1329 1568 provehi,
1361 1494 1434 1551 ut
1463 1494 1858 1567 assequantur
1889 1493 2129 1567 primos.
2194 1493 2402 1568 Neque
2448 1492 2650 1552 obstat
2685 1488 2750 1555 ὅ.
2783 1491 3197 1568 operariorum

567 1582 978 1643 murmuratio,
1010 1581 1103 1639 Ad
1135 1600 1261 1640 rem
1281 1580 1734 1657 Chrysostomus
1767 1582 1809 1639 1.
1840 1599 1917 1640 c.:
1952 1581 2236 1650 ,Inducit
2266 1582 2416 1641 alios
2448 1600 2623 1658 aegre
2654 1580 2911 1640 ferentes
2944 1581 3189 1641 illorum

567 1666 740 1742 bona,
784 1690 904 1730 non
950 1674 1022 1729 ut
1065 1668 1322 1730 invidiae
1368 1671 1504 1728 tabe
1548 1670 1885 1729 laborantes
1927 1670 2217 1742 ostendat,
2265 1670 2453 1729 absit!
2502 1670 2604 1729 sed
2653 1672 2725 1729 ut
2775 1669 3001 1741 doceat,
3053 1670 3191 1729 illos

565 1764 734 1820 tanto
773 1760 892 1820 frui
935 1760 1170 1830 honore,
1217 1761 1289 1818 ut
1333 1759 1566 1835 possint
1595 1760 1778 1819 etiam
1809 1759 1957 1818 alios
1989 1758 2063 1818 ad
2093 1759 2380 1819 invidiam
2412 1767 2709 1822 movere.‘
2775 1759 2985 1834 Neque
3019 1760 3193 1818 obest

565 1845 636 1912 6.
665 1868 1012 1925 responsum
1042 1849 1498 1925 patrisfamiliae,
1532 1849 1637 1924 qui
1669 1849 1959 1908 mercedis
1979 1849 2397 1924 aequalitatem
2418 1848 2701 1919 refundit,
2735 1867 2856 1907 non
2889 1849 2952 1906 in
2986 1848 3194 1908 meriti

566 1939 1001 2015 aequalitatem,
1037 1938 1139 1998 sed
1172 1939 1237 1996 in
1268 1957 1447 1997 suum
1466 1938 1941 2014 beneplacitum:
1972 1957 2111 1997 nam
2129 1941 2548 2014 praeterquam
2569 1937 2727 2013 quod
2747 1938 3191 2013 paterfamilias,

565 2031 636 2086 nt
665 2031 836 2087 notat
867 2028 1062 2098 Mald
1080 2047 1168 2086 on
1186 2031 1363 2087 atus
1407 2028 1472 2086 in
1505 2028 1559 2090 h.
1593 2028 1650 2094 l..
1698 2027 1785 2086 ita
1823 2027 2151 2104 respondit,
2198 2027 2342 2104 quia
2373 2027 2566 2086 voluit
2595 2045 2883 2104 personae
2914 2025 3192 2089 decorem

566 2136 795 2176 servare
836 2121 897 2176 et
941 2117 1081 2176 facti
1114 2117 1207 2176 sui
1240 2117 1528 2175 rationem
1560 2116 1668 2175 vili
1701 2134 1870 2175 servo
1901 2135 2022 2175 non
2051 2116 2316 2187 reddere,
2365 2115 2579 2176 docens
2614 2116 2788 2175 illum
2818 2135 2926 2193 pro
2958 2116 3195 2175 ratione

566 2206 710 2265 satis
743 2224 870 2265 esse
902 2225 1069 2264 suam
1102 2206 1506 2265 voluntatem:
1555 2205 1826 2265 Christus
1859 2205 2106 2282 insuper
2150 2224 2259 2264 suo
2305 2224 2586 2281 responso
2621 2205 2926 2281 ,respexit
2973 2204 3049 2263 ad
3093 2225 3188 2263 ra·

566 2295 752 2354 clicem
783 2296 1028 2372 gratiae,
1059 2315 1092 2353 a
1124 2314 1243 2370 qua
1261 2294 1569 2371 provenit,
1604 2297 1674 2352 ut
1705 2295 1872 2354 brevi
1904 2300 2168 2372 tempore
2200 2294 2420 2370 aliquis
2450 2294 2666 2353 habeat
2696 2296 2924 2371 majora
2956 2294 3187 2363 merita,

569 2385 712 2460 quia
747 2385 900 2443 Deus
921 2402 1043 2443 ,sua
1072 2384 1383 2443 voluntate
1413 2384 1723 2460 praevenit
1765 2384 1977 2461 majori
2021 2386 2084 2444 et
2126 2384 2547 2443 abundantiori
2584 2384 2794 2461 gratia,
2842 2401 2992 2459 quos
3041 2383 3190 2443 vult.

570 2473 873 2533 Potuisset
903 2492 1044 2550 ergo
1074 2472 1430 2549 respondere
1459 2472 1903 2548 paterfamilias,
1946 2473 2246 2549 justitiam
2276 2491 2407 2533 esse
2439 2476 2762 2533 servatam:
2810 2475 3012 2532 tamen
3044 2472 3194 2548 quia

569 2563 845 2639 replicari
873 2566 1076 2639 posset
1108 2563 1171 2621 in
1202 2564 1428 2663 gratiae
1459 2562 1887 2622 distributione
1918 2565 2212 2622 servatam
2242 2582 2360 2624 non
2393 2581 2541 2634 esse,
2582 2562 2715 2622 ideo
2743 2562 3029 2621 radicitus
3061 2581 3188 2621 om-

570 2671 675 2712 nes
708 2652 967 2712 rationes
1003 2651 1418 2738 querimoniae
1437 2651 1643 2711 evellit
1674 2655 1736 2711 et
1765 2652 2021 2730 gratiam
2053 2670 2220 2712 suam
2266 2670 2331 2712 ac
2371 2652 2675 2712 liberalem
2705 2651 3188 2712 distributionem

568 2732 998 2801 commendat.
1066 2741 1418 2804 Suarezl.
1452 2760 1497 2800 c.
1532 2762 1588 2804 n.
1631 2752 1727 2805 17.
1793 2743 2067 2802 Ceterum
2112 2738 2176 2806 7.
2209 2761 2331 2801 non
2361 2742 2636 2802 obstante
2668 2741 3111 2801 beatitudinis
3095 2760 3192 2800 m-

569 2831 928 2907 aequalitate
973 2832 1127 2890 nihil
1172 2830 1361 2889 beatis
1408 2830 1614 2889 deerit.
1680 2832 1999 2890 Beatitudo
2031 2834 2190 2890 enim
2222 2830 2486 2907 explebit
2516 2830 2949 2907 perfectissime
2981 2849 3190 2889 eorum

566 2921 949 2996 capacitatem
979 2919 1307 2996 physicam,
1353 2938 1533 2995 quam
1579 2920 1723 2996 ipsis
1768 2920 1989 2979 tribuit
2019 2921 2222 2980 lumen
2252 2921 2503 2998 gloriae:
2550 2920 2661 2978 hoc
2705 2939 2845 2979 vero
2891 2938 3196 2980 commen·

567 3013 808 3068 suratur
840 3009 1220 3085 proportione
1250 3009 1560 3068 beatorum
1607 3010 1865 3068 meritis:
1914 3010 2075 3085 quod
2122 3010 2269 3068 bene
2313 3010 2580 3069 illustrat
2609 3009 2890 3068 Julianus
2923 3010 3190 3068 Pome-

565 3099 733 3158 rius
767 3098 840 3156 de
873 3098 997 3157 vita
1015 3099 1395 3173 contemplat.
1415 3098 1461 3167 I,
1497 3108 1535 3160 4
1569 3098 1868 3159 scribens:
1907 3100 2115 3168 ,Sicut
2145 3099 2302 3157 enim
2324 3098 2646 3174 corporalis
2668 3098 2952 3157 saturitas
2984 3117 3195 3157 omnes

566 3190 802 3247 saturos
835 3188 1164 3262 aequaliter
1194 3186 1390 3256 habet,
1438 3188 1672 3263 quamis
1703 3188 1929 3265 singuli
1961 3189 2160 3247 cibum
2190 3207 2309 3247 non
2356 3187 2700 3263 aequaliter,
2748 3183 2849 3246 sed
2894 3206 3004 3263 pro
3049 3205 3195 3263 pos·

563 3276 852 3334 sibilitate
885 3276 1289 3351 perceperint:
1337 3276 1421 3334 ita
1466 3277 1654 3335 sancti
1700 3296 1922 3348 omneS,
1968 3277 2081 3337 etsi
2122 3277 2348 3336 fuerint
2378 3277 2581 3353 aliqua
2611 3276 2906 3354 graduum
2940 3294 3195 3335 suorum

562 3365 909 3424 diversitate
941 3365 1232 3436 distincti,
1280 3384 1401 3424 una
1431 3365 1803 3425 beatitudine
1835 3367 2081 3442 perfecti
2115 3370 2310 3438 erunt,
2360 3367 2501 3441 quia
2545 3370 2606 3424 et
2653 3385 2772 3424 una
2818 3364 3193 3441 perfectione

566 3454 724 3513 beati
758 3454 946 3513 futuri
978 3458 1215 3514 erunt.‘

743 3553 889 3607 689.
922 3538 1279 3609 Scholion
1299 3540 1404 3608 ῙῙ.
1441 3545 1524 3604 De
1553 3545 1781 3603 dotibus
1810 3552 1860 3602 et
1892 3547 2157 3603 aureolis.
2193 3580 2276 3588 —
2310 3544 2531 3603 Dotis
2562 3544 2799 3603 nomine
2832 3543 3197 3630 intelligunt

559 3634 821 3709 theologi
854 3634 1305 3709 supernaturale
1337 3633 1560 3692 donum
1592 3633 1820 3692 animae
1847 3634 2055 3692 beatae
2077 3634 2307 3693 Christo
2339 3634 2403 3692 in
2434 3637 2742 3693 aeternum
2776 3632 3032 3692 nubenti
3066 3633 3195 3691 col—

562 3723 767 3781 latum.
801 3720 907 3781 Est
939 3722 1188 3798 duplex:
1223 3723 1518 3781 animae
1550 3728 1610 3781 et
1641 3723 2011 3798 corporis,
2062 3723 2279 3781 Anima
2310 3723 2482 3782 beata
2512 3724 2692 3782 habet
2722 3742 2902 3782 unam
2934 3722 3188 3782 totalem

559 3810 759 3869 dotem
790 3814 1204 3888 exsurgentem
1250 3830 1319 3870 ex
1365 3811 1562 3871 tribus
1608 3811 1981 3888 partialibus,
2030 3831 2184 3888 quae
2229 3813 2591 3889 respondent
2620 3812 2818 3871 tribus
2849 3811 3191 3871 virtutibus

555 3899 928 3976 theologicis,
964 3904 1226 3977 suntque
1258 3900 1466 3959 visio
1498 3900 1864 3977 respondens
1895 3901 2047 3970 fidei,
2083 3902 2679 3978 comprehensio
2712 3901 2857 3977 spei,
2891 3900 3189 3960 fruitio

551 3989 804 4050 caritati.
834 4022 923 4033 —
956 3990 1074 4047 Dos
1104 3990 1365 4065 corporis
1397 3993 1489 4048 est
1520 3991 1994 4065 supernaturalis
2013 3991 2269 4067 qualitas
2301 4009 2408 4049 seu
2436 3991 2847 4067 praerogativa
2876 3990 2951 4048 ab
2983 3989 3195 4048 anima

551 4079 729 4136 beata
759 4072 998 4160 (saltem
1019 4081 1101 4136 ιιι
1131 4096 1308 4138 causa
1339 4076 1666 4159 meritoria)
1699 4079 2011 4139 dimanans
2043 4080 2107 4138 in
2138 4098 2353 4156 corpus
2386 4080 2645 4150 unitum,
2682 4082 2754 4138 ut
2785 4079 2940 4137 illud
2970 4078 3193 4137 redda-

551 4170 654 4225 tur
671 4167 997 4243 gloriosum
1020 4169 1199 4244 atque
1218 4168 1476 4244 perfecte
1508 4168 1564 4226 ei
1595 4168 1949 4244 subjectum.
2003 4168 2273 4238 Quatuor
2291 4171 2685 4228 numerantur
2704 4167 2874 4227 dotes
2895 4169 3187 4243 corporis,

549 4256 677 4319 scil.
709 4256 1365 4332 impassibilitas,
1417 4257 1881 4330 subtilitas,
1928 4258 2262 4335 agilitas
2308 4262 2371 4317 et
2415 4258 2764 4317 claritas.
2796 4290 2885 4301 —
2917 4257 3178 4317 Nomine

547 4363 687 4403 vero
733 4347 1097 4405 aureolae
1142 4347 1492 4423 intelligunt
1537 4347 1800 4424 theologi
1842 4348 2171 4425 praemium
2203 4347 2565 4406 accidentale
2597 4350 2832 4423 praeter
2861 4346 3190 4406 essentiale

549 4451 657 4507 pro
691 4435 933 4509 speciali
963 4435 1165 4510 aliqua
1184 4436 1432 4496 victoria
1450 4436 1750 4507 collatum,
1786 4437 1945 4511 quod
1966 4436 2355 4512 probabiliter
2385 4437 2481 4495 vel
2513 4436 2576 4494 in
2609 4437 2806 4512 ipsum
2839 4453 3054 4511 corpus
3086 4455 3183 4494 re—

549 4520 799 4581 dundat.
831 4524 972 4582 Tres
994 4526 1191 4584 solent
1208 4526 1480 4584 aureolae
1498 4525 1685 4585 statui
1703 4543 1810 4602 pro
1830 4529 1858 4584 t
1871 4545 1903 4583 r
1918 4526 1938 4583 i
1953 4545 1993 4601 p
2009 4526 2030 4584 1
2047 4526 2066 4584 i
2082 4526 2148 4584 ci
2173 4525 2447 4595 victoria,
2470 4544 2649 4602 quam
2671 4524 2941 4584 homines
2960 4524 3184 4584 referre

549 4614 807 4685 possunt
837 4611 914 4670 de
941 4613 1141 4672 tribus
1172 4615 1505 4690 praecipuis
1525 4615 1746 4673 Christi
1766 4616 2119 4691 nostraeque
2141 4615 2355 4674 salutis
2377 4614 2671 4686 hostibus,
2705 4631 2899 4684 carne,
2932 4614 3182 4685 mundo,

545 4700 856 4766 daemone.
922 4701 1004 4760 De
1052 4704 1604 4780 earne-triumphat
1648 4704 1904 4780 virge,
1954 4705 2027 4763 de
2074 4704 2296 4763 mundo
2340 4706 2639 4781 martyr
2675 4702 2869 4779 deque
2900 4703 3192 4762 daemone
